3259 5284
481 594 1022 671 Arruntruque.Ill.
1175 617 1237 690 171

264 779 293 818 “
311 792 408 847 entas
430 772 591 870 epistolas
615 773 718 847 annis
740 772 965 846 cohiberent:
996 764 1155 843 miseram
1183 794 1243 865 pa-

267 897 296 933 “
314 917 393 973 cern
410 895 466 965 vel
484 894 577 966 bello
601 896 691 967 bene
712 892 874 966 mutari.’'
923 887 1042 961 Tanto
1059 888 1246 985 impenfibs

266 1009 303 1084 in
336 1009 550 1085 securitatem
582 1016 806 1107 compositus,
848 1034 963 1106 neque
995 1009 1089 1099 locu,
1135 1032 1249 1105 neque

265 1131 368 1203 vultu
384 1150 532 1221 mutato,
549 1130 622 1222 sed,
653 1153 692 1205 ut
707 1130 862 1219 solitum,
886 1155 945 1226 per
965 1128 1041 1201 illos
1057 1126 1130 1199 dies
1146 1125 1220 1224 egit
1236 1153 1245 1197 :

266 1249 450 1323 altitudine
475 1250 597 1340 animi,
622 1276 668 1324 an
692 1269 909 1349 compererat
934 1246 1076 1319 modica
1097 1248 1178 1338 esse,
1213 1250 1248 1319 δι

268 1368 421 1465 vulgatis
444 1368 601 1444 leviora?

274 1555 276 1558 .
316 1490 435 1561 XLV.
460 1490 640 1563 luterum
658 1490 773 1579 Silius,
791 1514 875 1561 cum
893 1486 1089 1587 legionibus
1115 1485 1250 1557 duabus

267 1607 447 1695 incedens,
466 1606 638 1704 praemissa
654 1607 811 1681 auxiliari
830 1633 950 1696 manu,
981 1605 1090 1679 vastat
1119 1606 1249 1699 Sequa·
1329 1660 1332 1663 .

269 1751 397 1797 norum
416 1752 540 1823 pagos,
566 1725 627 1822 qui
645 1726 772 1799 finium
788 1726 951 1815 extremi,
970 1730 1003 1797 δι
1022 1722 1150 1799 AEduis
1167 1748 1251 1795 con-

271 1843 425 1931 termini,
453 1842 607 1941 sociique
622 1845 657 1916 in
674 1844 778 1917 armis
794 1865 902 1917 erant.
952 1847 1047 1917 Mox
1072 1840 1251 1941 Augusto-

272 1963 411 2033 dunum
444 1962 529 2057 petit
559 1978 707 2059 propero
739 1963 894 2061 agmine,
924 1962 1137 2037 certantibus
1163 1961 1253 2035 inter

271 2077 306 2159 se
321 2076 502 2176 figniseris,
520 2078 689 2155 fremente
706 2081 812 2155 etiam
830 2081 991 2181 gregario
1008 2080 1133 2172 milite,
1161 2089 1253 2155 “'ne

273 2207 302 2243 “
318 2195 450 2273 suetam
467 2201 638 2298 requiem,
662 2227 706 2275 ne
716 2202 824 2300 spatia
837 2202 992 2275 nonium
1009 2201 1250 2298 opperiretur:

273 2318 482 2392 “viderent
513 2321 623 2395 modo
656 2320 829 2413 adversos,
864 2326 898 2395 δι
930 2321 1184 2420 aspicerentur:
1217 2323 1255 2396 id

272 2444 301 2481 “
318 2435 396 2511 satis
412 2440 458 2511 ad
474 2440 693 2515 vi&0riam.''
752 2442 1018 2516 Duodecimum
1046 2442 1140 2539 apud
1165 2442 1253 2539 lapi·

271 2560 369 2649 dem,
387 2560 559 2651 Sacrovir,
588 2562 773 2659 copiaque
790 2560 988 2658 patentibus
1004 2560 1089 2634 locis
1105 2587 1253 2657 apparu-

272 2677 356 2755 ste:
389 2678 426 2749 in
458 2676 572 2751 fronte
601 2680 761 2753 statuerat
777 2680 933 2770 serratos,
962 2678 1000 2751 in
1016 2678 1179 2753 cornibus
1196 2706 1254 2753 co·

274 2797 406 2885 horres,
439 2821 460 2869 a
493 2815 595 2894 tergo
622 2796 821 2871 semermos.
872 2795 948 2892 lpse
975 2797 1065 2871 inter
1087 2797 1256 2895 primores

273 2937 367 3010 equo
382 2914 505 3012 insigni
523 2915 630 3004 adire,
655 2940 849 2988 memorare
875 2923 901 2957 ‘⁴
921 2934 1053 2990 veteres
1070 2918 1255 2991 Gallorum

275 3037 303 3076 “
321 3031 465 3129 glorias,
492 3059 643 3130 quaeque
672 3034 844 3108 Romanis
870 3034 1012 3109 adversa
1039 3035 1253 3109 intulissent:

275 3155 305 3201 ⁴‘
324 3151 433 3246 quam
450 3153 577 3225 decora
592 3152 786 3227 vistoribus
802 3154 942 3227 libertas
957 3182 967 3240 ς
1003 3153 1137 3252 quanto
1164 3154 1256 3229 into·

277 3275 306 3312 “
323 3268 491 3351 lerantior
506 3269 647 3344 servitus
664 3271 790 3346 iterum
802 3271 941 3347 vistisl'

323 3390 459 3462 XLVI.
485 3392 524 3463 N
527 3414 579 3463 ou
598 3391 660 3463 diu
676 3392 766 3481 haec,
784 3418 849 3465 nec
867 3393 963 3489 apud
975 3393 1096 3469 laetos:
1127 3397 1259 3469 etenim

276 3507 536 3605 propinquabat
571 3511 752 3610 legionum
796 3512 912 3587 acies:
948 3513 1186 3612 inconditique
1218 3542 1259 3591 ac

278 3626 413 3699 militiae
429 3628 530 3703 nescii
547 3630 732 3728 oppidani,
753 3657 867 3730 neque
889 3632 999 3707 oculis
1028 3658 1144 3731 neque
1167 3633 1258 3709 auri-

275 3745 343 3816 bus
369 3744 447 3818 satis
464 3754 721 3846 competebant.
772 3752 905 3825 Contrb
936 3752 1053 3843 Silius,
1080 3756 1139 3827 etsi
1168 3778 1258 3850 prae-

276 3860 415 3959 sumpta
430 3863 505 3962 spes
522 3870 685 3942 hortandi
702 3868 1024 3963 causassexemerat,
1058 3872 1259 3949 clamitabat

277 3997 421 4067 tamen:
460 3990 487 4027 “
505 3986 716 4065 Pudendum
748 3989 841 4090 ipfis,
868 3992 965 4091 quod
994 3992 1259 4073 Germaniarum
