3259 5284
396 578 465 627 222
661 552 704 625 C.
729 552 975 627 Contraria
1006 553 1186 629 Tacrrt

386 730 414 767 “
431 724 528 799 lam”
557 723 720 817 referens,
748 731 776 775 “
793 724 995 825 dandosque
1023 728 1103 801 vita
1119 725 1212 816 usus,
1230 724 1286 801 cui
1298 726 1371 801 vita

384 850 413 888 “
430 846 713 919 concederetur.”
763 848 818 920 Ita
845 849 989 921 Serenus
1017 852 1220 945 Amorgum
1249 872 1367 945 repor-

383 982 485 1037 tatur.
537 966 584 1037 Et
629 965 712 1063 quia
751 966 928 1039 Cornutus
954 964 1011 1039 sul
1042 990 1149 1039 manu
1181 964 1369 1059 ceciderat,

384 1089 413 1126 “
431 1085 550 1157 aetum
583 1084 628 1157 de
661 1084 811 1181 praemiis
844 1084 1084 1159 accusatorum
1112 1084 1306 1176 abolendis,
1343 1091 1367 1159 ss

384 1209 412 1248 “
431 1202 509 1299 quis
527 1202 707 1302 majestatis
725 1202 913 1301 postulatus
930 1224 1009 1278 ante
1035 1202 1226 1301 perfectum
1236 1203 1367 1302 judici-

386 1330 414 1367 “
433 1348 494 1396 um
516 1320 549 1396 se
565 1322 636 1420 ipse
652 1322 724 1397 vita
741 1323 939 1420 privavillet
956 1326 992 1397 :''
1019 1323 1205 1422 ibaturque
1234 1324 1270 1397 in
1287 1349 1366 1401 eam

381 1441 596 1533 sententiam,
639 1442 675 1515 ni
710 1443 832 1517 durius
860 1464 1051 1543 contraque
1083 1467 1218 1517 morem
1264 1441 1364 1518 suum

384 1564 500 1657 palam
536 1587 600 1659 pro
632 1560 882 1636 accusatoribus
909 1563 1034 1655 Caesar,
1062 1562 1225 1635 “inritas
1257 1563 1366 1661 leges,

386 1680 688 1781 “rempublicam
723 1682 760 1755 in
793 1682 987 1779 praecipiti'’
1022 1681 1228 1778 conquelhrs
1255 1685 1364 1763 elleta

385 1807 413 1843 “
430 1800 668 1876 subverterent
684 1802 800 1897 potius
813 1798 907 1898 jura,
934 1802 1042 1899 quam
1063 1800 1224 1875 custodes
1242 1828 1364 1879 eonrtn

347 1938 353 1949 ·
385 1928 414 1963 “
432 1922 670 1996 amoverent.''
718 1920 774 1994 Sic
802 1922 986 2011 delatores,
1031 1946 1141 2018 genus
1177 1922 1366 1996 hominurn

384 2040 530 2135 publico
549 2038 658 2113 exitio
682 2060 871 2136 repertum,
898 2040 1066 2137 &poenis
1092 2039 1236 2139 quidem
1260 2067 1364 2115 num·

382 2184 491 2255 quam
516 2156 595 2232 satis
611 2158 818 2249 codrcitum,
845 2184 905 2257 per
922 2158 1065 2255 praemia
1087 2158 1324 2233 eliciebantur.

433 2277 575 2355 XXXI.
601 2280 681 2350 Hrs
724 2298 798 2349 tam
835 2277 997 2367 adsiduis,
1040 2298 1184 2375 tamque
1223 2278 1364 2369 maestis,

383 2394 526 2469 modica
548 2394 666 2469 laetitia
688 2394 904 2494 interjicitur,
945 2396 1044 2494 qudd
1067 2399 1110 2470 C.
1142 2395 1363 2489 Cominium,

383 2512 537 2611 equitem
555 2517 774 2605 Romanurn,
800 2518 952 2613 probrofi
969 2515 1005 2589 in
1028 2515 1062 2589 se
1086 2514 1249 2597 carminis
1274 2542 1362 2590 con·

383 2632 533 2723 vietum,
558 2631 669 2706 Caesar
684 2634 845 2729 precibus
876 2632 1000 2725 fratris,
1027 2635 1088 2732 qui
1113 2633 1249 2707 senator
1274 2656 1362 2724 crat,

382 2751 554 2828 concellrt.
603 2752 687 2851 Qui
702 2752 816 2852 magis
834 2754 961 2827 mirum
982 2756 1185 2845 habebatur,
1213 2779 1362 2852 gnarum

388 2872 591 2964 meliorum,
634 2878 669 2947 δι
713 2900 792 2971 quae
833 2870 927 2946 fama
954 2873 1177 2947 clementiam
1208 2872 1363 2971 sequereq

382 3012 452 3085 tur,
479 2992 624 3069 tristiora
651 2994 778 3075 rnalle;
805 2992 1036 3090 nequeenim
1060 2991 1214 3066 socordial
1241 3017 1363 3090 pecca·

381 3115 464 3199 bat3
500 3138 565 3187 nec
606 3114 785 3186 occultum
818 3111 878 3201 est,
916 3112 1069 3209 ¹quando
1114 3138 1159 3185 ex
1204 3111 1359 3202 veritate,

382 3233 526 3331 quando
574 3233 782 3305 adumbrata
821 3230 948 3321 latitia,
987 3230 1076 3304 faela
1108 3230 1359 3328 imperatorum

382 3354 622 3425 celebrentur:
651 3349 737 3447 quin
762 3348 833 3446 ipse
851 3354 1060 3447 compositus
1085 3349 1182 3440 alias,
1211 3352 1359 3425 &velut

380 3468 611 3543 eludantium
657 3470 860 3561 verborum,
913 3468 1056 3543 solutius
1099 3468 1364 3566 promptiusque

382 3591 625 3687 eloquebatur,
668 3587 828 3685 quotiens
860 3584 1068 3662 subveniret·
1138 3593 1187 3661 At
1216 3590 1257 3661 P.
1286 3588 1361 3663 Sui-

379 3710 482 3799 lium,
509 3707 718 3804 quaestorem
747 3709 929 3803 quondam
946 3707 1160 3799 Germanici,
1193 3708 1276 3781 ciam
1291 3710 1360 3782 Ita-

381 3829 428 3902 lia
455 3847 642 3916 arceretur,
669 3827 852 3910 convietus
886 3827 1075 3925 pecuniam
1096 3830 1144 3903 ob
1172 3853 1246 3901 rem
1267 3826 1362 3925 judi·

382 3949 532 4028 eandam
572 3946 712 4045 cepille,
763 3955 790 3991 “
821 3950 1060 4030 amovendum
1108 3950 1144 4024 in
1191 3947 1363 4033 insulan*
