3259 5284
500 590 947 681 Auunc1uanra.
972 586 1037 659 III.
1195 590 1262 686 169

281 763 438 852 Visellius
456 768 578 855 Varro,
605 761 774 836 inferioris
796 758 996 835 Germaniae
1018 761 1167 857 legatus,
1197 758 1263 831 mi·

280 884 378 976 serat,
413 888 577 981 oppreffi,
612 885 738 957 eodem
768 881 897 955 Aviolal
925 881 1030 968 duce,
1061 883 1094 950 &
1122 876 1263 975 quibus·
1357 910 1360 921 ’

282 1004 366 1076 dam
391 1006 586 1077 Galliarum
608 1001 843 1102 primoribus;
871 1000 932 1097 qui
948 1000 1059 1072 tulere
1075 998 1263 1089 auxilium,

282 1122 356 1221 qud
374 1124 621 1198 dissimularent
644 1119 892 1218 desedionem,
923 1116 1104 1215 magisque
1122 1116 1157 1191 in
1174 1138 1263 1193 tem-

281 1269 366 1340 pore
383 1246 564 1329 effertent:
599 1242 772 1339 spestatus
792 1245 826 1313 dr
847 1239 1019 1328 Sacrovir,
1054 1239 1182 1311 inteslo
1205 1266 1263 1312 ca·

280 1363 353 1460 pite
375 1390 534 1461 pugnam
552 1389 615 1460 pro
633 1359 806 1436 Romanis
825 1360 931 1447 ciens,
960 1364 987 1401 “
1008 1358 1264 1449 ostentandae,”

278 1504 318 1555 ut
337 1483 483 1574 screbat,
511 1491 539 1527 “
555 1482 738 1555 virtutis:''
773 1478 832 1551 sed
850 1478 991 1575 captivi,
1018 1486 1045 1519 “
1061 1504 1104 1550 ne
1122 1478 1263 1551 incesse-

281 1611 310 1649 “
328 1625 422 1677 retur
435 1604 524 1693 telis,
551 1601 837 1698 adgnoscendum
850 1598 882 1672 se
896 1597 1116 1695 praebuisse,''
1138 1624 1263 1697 argue-

279 1726 374 1797 bant.
423 1722 609 1795 Consultus
624 1717 967 1817 supereoTibcrius,
995 1715 1195 1815 aspernatus
1215 1719 1265 1794 est

278 1842 462 1931 indicium,
491 1840 647 1937 aluitque
663 1839 880 1913 dubitatione
897 1840 1041 1911 bellum.

328 1962 446 2033 XLII.
472 1961 649 2034 Inrrnrm
667 1962 790 2033 Florus
806 1958 953 2032 insistere
969 1956 1157 2049 destinatis,
1189 1963 1263 2057 pel-

279 2080 382 2153 licere
414 2082 504 2153 alam
537 2080 710 2176 equitum,
750 2106 829 2176 quae
863 2076 1054 2174 conscripta
1085 2079 1261 2170 Treveris,

278 2199 402 2273 militia
429 2199 678 2297 disciplinaque
710 2200 823 2272 nostrl
855 2200 1060 2287 habebatur,
1092 2218 1145 2288 ut,
1171 2204 1263 2275 caefis

277 2318 557 2417 negotiatoribus
580 2319 765 2408 Romanis,
800 2320 933 2393 bellurn
955 2318 1148 2415 inciperet:
1177 2346 1262 2418 pau·

277 2440 380 2536 cique
396 2440 555 2535 equitum
572 2440 743 2537 corrupti,
773 2441 887 2535 plures
903 2440 939 2511 in
957 2440 1073 2513 officio
1097 2440 1261 2515 mansere.

278 2559 389 2632 Aliud
415 2561 544 2657 vulgus
567 2562 798 2633 obaeratorum
817 2580 877 2631 aut
894 2558 1076 2631 clientium
1094 2586 1188 2633 arma
1205 2588 1262 2634 ce·

278 2677 354 2773 pit:
382 2681 618 2774 petebantque
634 2676 750 2764 saltus,
779 2678 906 2773 quibus
923 2702 1052 2749 nomen
1075 2679 1260 2769 Arduenna,

278 2798 361 2869 clim
389 2796 545 2893 legiones
566 2816 715 2891 utroque
730 2798 776 2867 ab
792 2794 964 2883 exercitu,
991 2821 1077 2891 quas
1103 2796 1261 2872 Visellius

279 2921 313 2989 δι
338 2918 381 2989 C.
408 2915 508 2987 Silius
527 2916 677 2986 adversis
703 2912 885 2987 itineribus
901 2912 1113 3011 objecerant,
1139 2942 1260 2992 arcue-

276 3055 382 3107 runt:
411 3032 672 3133 praemislusque
694 3059 776 3107 cum
793 3033 927 3108 delestl
946 3061 1052 3107 manu
1070 3036 1185 3131 Julius
1201 3040 1260 3112 In-

275 3156 356 3245 dus,
387 3181 407 3227 e
423 3154 564 3227 civitate
580 3154 717 3243 easdem,
744 3152 871 3227 discors
884 3156 1003 3245 Flor0,
1027 3158 1061 3227 δι
1079 3158 1128 3228 ob
1145 3155 1181 3229 id
1198 3184 1259 3231 na-

275 3277 399 3348 vandae
427 3299 544 3370 operae
566 3273 718 3363 avidior,
755 3273 970 3347 inconditam
998 3274 1259 3357 multitudinem

274 3396 391 3469 adhuc
423 3392 565 3492 disjecit.
615 3395 740 3465 Florus
772 3394 911 3467 incertis
944 3394 1083 3467 latebris
1113 3394 1261 3472 vidotes

275 3514 465 3603 frustratus,
484 3513 673 3611 postremo,
709 3514 787 3587 vifis
822 3513 1006 3605 militibus,
1041 3513 1103 3611 qui
1130 3516 1260 3615 effugia

273 3633 478 3722 insederant,
511 3632 570 3705 sua
586 3660 693 3707 manu
711 3634 838 3707 cecidit
855 3663 863 3707 :
892 3633 987 3731 isque
1004 3636 1183 3711 Treverici
1200 3658 1256 3710 tu-

276 3754 407 3825 multlts
424 3752 512 3825 finis.

323 3872 459 3943 XLIII.
498 3877 614 3945 Aron
655 3874 795 3947 AEduos
834 3873 944 3973 major
976 3878 1087 3948 moles
1120 3898 1255 3970 exorta,

275 3988 409 4097 quanto
434 3988 556 4071 civitas
584 3992 798 4089 opulentior,
827 3997 860 4067 &
890 3996 1147 4095 comprimendi
1173 4023 1255 4095 pro.
