<?xml version="1.0" encoding="UTF-8"?>
<!DOCTYPE html PUBLIC "-//W3C//DTD XHTML 1.0 Transitional//EN"
    "http://www.w3.org/TR/xhtml1/DTD/xhtml1-transitional.dtd">
<html xmlns="http://www.w3.org/1999/xhtml" xml:lang="en" lang="en">
 <head>
  <title>
</title>
<meta http-equiv="Content-Type" content="text/html;charset=utf-8" />
  <meta name='ocr-system' content='tesseract 3.04.00' />
  <meta name='ocr-capabilities' content='ocr_page ocr_carea ocr_par ocr_line ocrx_word'/>
</head>
<body>
  <div class='ocr_page' id='page_1' title='image "./ccorneliitaciti04freigoog_0169.png"; bbox 0 0 3259 5284; ppageno 0'>
   <div class='ocr_carea' id='block_1_1' title="bbox 521 562 1248 636">
    <p class='ocr_par' dir='ltr' id='par_1_1' title="bbox 521 562 1248 636">
     <span class='ocr_line' id='line_1_1' title="bbox 521 562 1248 636; baseline 0.001 -1"><span class='ocrx_word' id='word_1_1' title='bbox 521 565 831 636; x_wconf 73' lang='lat' dir='ltr'>Attuarrunr</span> <span class='ocrx_word' id='word_1_2' title='bbox 865 565 973 636; x_wconf 83' lang='lat' dir='ltr'>Lra.</span> <span class='ocrx_word' id='word_1_3' title='bbox 1008 562 1054 636; x_wconf 92' lang='lat' dir='ltr'>II.</span> <span class='ocrx_word' id='word_1_4' title='bbox 1187 587 1248 636; x_wconf 88' lang='lat' dir='ltr'>rrr</span> 
     </span>
    </p>
   </div>
   <div class='ocr_carea' id='block_1_2' title="bbox 256 733 1253 4050">
    <p class='ocr_par' dir='ltr' id='par_1_2' title="bbox 276 733 1253 952">
     <span class='ocr_line' id='line_1_2' title="bbox 276 733 1253 835; baseline 0 -27"><span class='ocrx_word' id='word_1_5' title='bbox 276 733 323 809; x_wconf 86' lang='lat' dir='ltr'>lia</span> <span class='ocrx_word' id='word_1_6' title='bbox 338 733 504 835; x_wconf 77' lang='lat' dir='ltr'>insignia:</span> <span class='ocrx_word' id='word_1_7' title='bbox 530 738 628 833; x_wconf 94' lang='lat' dir='ltr'>quod</span> <span class='ocrx_word' id='word_1_8' title='bbox 640 735 791 810; x_wconf 86' lang='lat' dir='ltr'>Camillo</span> <span class='ocrx_word' id='word_1_9' title='bbox 805 737 853 808; x_wconf 94' lang='lat' dir='ltr'>ob</span> <span class='ocrx_word' id='word_1_10' title='bbox 870 733 1073 809; x_wconf 83' lang='lat' dir='ltr'>modestiam</span> <span class='ocrx_word' id='word_1_11' title='bbox 1089 733 1170 808; x_wconf 82' lang='lat' dir='ltr'>vitae</span> <span class='ocrx_word' id='word_1_12' title='bbox 1187 734 1253 808; x_wconf 89' lang='lat' dir='ltr'>im-</span> 
     </span>
     <span class='ocr_line' id='line_1_3' title="bbox 277 854 464 952; baseline 0 -24"><span class='ocrx_word' id='word_1_13' title='bbox 277 856 370 952; x_wconf 69' lang='lat' dir='ltr'>pune</span> <span class='ocrx_word' id='word_1_14' title='bbox 386 854 464 928; x_wconf 89' lang='lat' dir='ltr'>fuit.</span> 
     </span>
    </p>

    <p class='ocr_par' dir='ltr' id='par_1_3' title="bbox 264 973 1253 2857">
     <span class='ocr_line' id='line_1_4' title="bbox 324 973 1252 1064; baseline 0.002 -16"><span class='ocrx_word' id='word_1_15' title='bbox 324 976 423 1048; x_wconf 91' lang='lat' dir='ltr'><strong>LIII.</strong></span> <span class='ocrx_word' id='word_1_16' title='bbox 448 975 627 1061; x_wconf 75' lang='lat' dir='ltr'>Snooans</span> <span class='ocrx_word' id='word_1_17' title='bbox 640 999 752 1047; x_wconf 91' lang='lat' dir='ltr'>annus</span> <span class='ocrx_word' id='word_1_18' title='bbox 766 973 951 1047; x_wconf 87' lang='lat' dir='ltr'>Tiberium</span> <span class='ocrx_word' id='word_1_19' title='bbox 965 973 1081 1064; x_wconf 83' lang='lat' dir='ltr'>tertib,</span> <span class='ocrx_word' id='word_1_20' title='bbox 1105 977 1252 1050; x_wconf 87' lang='lat' dir='ltr'>Germa-</span> 
     </span>
     <span class='ocr_line' id='line_1_5' title="bbox 274 1089 1252 1167; baseline -0.001 0"><span class='ocrx_word' id='word_1_21' title='bbox 274 1092 394 1167; x_wconf 90' lang='lat' dir='ltr'>nicum</span> <span class='ocrx_word' id='word_1_22' title='bbox 411 1093 539 1167; x_wconf 89' lang='lat' dir='ltr'>iterum</span> <span class='ocrx_word' id='word_1_23' title='bbox 562 1092 717 1167; x_wconf 89' lang='lat' dir='ltr'>consules</span> <span class='ocrx_word' id='word_1_24' title='bbox 737 1092 877 1166; x_wconf 89' lang='lat' dir='ltr'>habuit:</span> <span class='ocrx_word' id='word_1_25' title='bbox 904 1089 962 1164; x_wconf 88' lang='lat' dir='ltr'>sed</span> <span class='ocrx_word' id='word_1_26' title='bbox 986 1117 1068 1164; x_wconf 90' lang='lat' dir='ltr'>eum</span> <span class='ocrx_word' id='word_1_27' title='bbox 1085 1092 1252 1166; x_wconf 84' lang='lat' dir='ltr'>honorem</span> 
     </span>
     <span class='ocr_line' id='line_1_6' title="bbox 275 1211 1250 1310; baseline -0.002 -24"><span class='ocrx_word' id='word_1_28' title='bbox 275 1212 505 1287; x_wconf 88' lang='lat' dir='ltr'>Germanicus</span> <span class='ocrx_word' id='word_1_29' title='bbox 523 1213 599 1286; x_wconf 94' lang='lat' dir='ltr'>iniit</span> <span class='ocrx_word' id='word_1_30' title='bbox 615 1213 710 1310; x_wconf 90' lang='lat' dir='ltr'>apud</span> <span class='ocrx_word' id='word_1_31' title='bbox 727 1214 853 1286; x_wconf 91' lang='lat' dir='ltr'>urbem</span> <span class='ocrx_word' id='word_1_32' title='bbox 871 1211 1014 1284; x_wconf 78' lang='lat' dir='ltr'>Achaia</span> <span class='ocrx_word' id='word_1_33' title='bbox 1031 1211 1250 1308; x_wconf 86' lang='lat' dir='ltr'>Nicopolim,</span> 
     </span>
     <span class='ocr_line' id='line_1_7' title="bbox 274 1329 1252 1430; baseline 0.003 -27"><span class='ocrx_word' id='word_1_34' title='bbox 274 1332 347 1429; x_wconf 80' lang='lat' dir='ltr'>qud</span> <span class='ocrx_word' id='word_1_35' title='bbox 362 1353 502 1406; x_wconf 88' lang='lat' dir='ltr'>venerat</span> <span class='ocrx_word' id='word_1_36' title='bbox 515 1358 576 1430; x_wconf 89' lang='lat' dir='ltr'>per</span> <span class='ocrx_word' id='word_1_37' title='bbox 591 1331 768 1427; x_wconf 85' lang='lat' dir='ltr'><strong>Illyricam</strong></span> <span class='ocrx_word' id='word_1_38' title='bbox 788 1357 901 1421; x_wconf 91' lang='lat' dir='ltr'>oram,</span> <span class='ocrx_word' id='word_1_39' title='bbox 927 1329 1000 1402; x_wconf 88' lang='lat' dir='ltr'>viso</span> <span class='ocrx_word' id='word_1_40' title='bbox 1023 1329 1124 1404; x_wconf 85' lang='lat' dir='ltr'>fratre</span> <span class='ocrx_word' id='word_1_41' title='bbox 1138 1332 1252 1406; x_wconf 88' lang='lat' dir='ltr'>Druso</span> 
     </span>
     <span class='ocr_line' id='line_1_8' title="bbox 273 1449 1251 1551; baseline 0.003 -29"><span class='ocrx_word' id='word_1_42' title='bbox 273 1451 310 1522; x_wconf 94' lang='lat' dir='ltr'>in</span> <span class='ocrx_word' id='word_1_43' title='bbox 327 1454 502 1526; x_wconf 72' lang='lat' dir='ltr'>Dalmatia</span> <span class='ocrx_word' id='word_1_44' title='bbox 517 1471 657 1551; x_wconf 86' lang='lat' dir='ltr'>agente,</span> <span class='ocrx_word' id='word_1_45' title='bbox 682 1449 909 1523; x_wconf 86' lang='lat' dir='ltr'>Adriaticiac</span> <span class='ocrx_word' id='word_1_46' title='bbox 935 1473 1020 1521; x_wconf 88' lang='lat' dir='ltr'>mox</span> <span class='ocrx_word' id='word_1_47' title='bbox 1037 1450 1126 1522; x_wconf 89' lang='lat' dir='ltr'>Ionii</span> <span class='ocrx_word' id='word_1_48' title='bbox 1148 1453 1251 1524; x_wconf 88' lang='lat' dir='ltr'>maris</span> 
     </span>
     <span class='ocr_line' id='line_1_9' title="bbox 272 1568 1252 1669; baseline 0.003 -27"><span class='ocrx_word' id='word_1_49' title='bbox 272 1570 455 1646; x_wconf 85' lang='lat' dir='ltr'>adversam</span> <span class='ocrx_word' id='word_1_50' title='bbox 480 1570 742 1669; x_wconf 87' lang='lat' dir='ltr'>navigationem</span> <span class='ocrx_word' id='word_1_51' title='bbox 759 1570 947 1666; x_wconf 85' lang='lat' dir='ltr'>perpeffus.</span> <span class='ocrx_word' id='word_1_52' title='bbox 997 1568 1109 1666; x_wconf 85' lang='lat' dir='ltr'><strong>Igitur</strong></span> <span class='ocrx_word' id='word_1_53' title='bbox 1122 1597 1252 1667; x_wconf 86' lang='lat' dir='ltr'>paucos</span> 
     </span>
     <span class='ocr_line' id='line_1_10' title="bbox 271 1687 1253 1786; baseline 0.002 -26"><span class='ocrx_word' id='word_1_54' title='bbox 271 1687 344 1760; x_wconf 89' lang='lat' dir='ltr'>dies</span> <span class='ocrx_word' id='word_1_55' title='bbox 356 1689 532 1786; x_wconf 79' lang='lat' dir='ltr'>insumpsit</span> <span class='ocrx_word' id='word_1_56' title='bbox 544 1689 738 1762; x_wconf 77' lang='lat' dir='ltr'>reficienda</span> <span class='ocrx_word' id='word_1_57' title='bbox 751 1689 841 1760; x_wconf 79' lang='lat' dir='ltr'>classi</span> <span class='ocrx_word' id='word_1_58' title='bbox 856 1716 864 1759; x_wconf 91' lang='lat'>:</span> <span class='ocrx_word' id='word_1_59' title='bbox 891 1689 991 1760; x_wconf 81' lang='lat' dir='ltr'>simul</span> <span class='ocrx_word' id='word_1_60' title='bbox 1006 1693 1093 1761; x_wconf 87' lang='lat' dir='ltr'>finus</span> <span class='ocrx_word' id='word_1_61' title='bbox 1107 1687 1253 1762; x_wconf 66' lang='lat' dir='ltr'>Artiaca</span> 
     </span>
     <span class='ocr_line' id='line_1_11' title="bbox 271 1806 1250 1905; baseline -0.002 -24"><span class='ocrx_word' id='word_1_62' title='bbox 271 1808 416 1882; x_wconf 65' lang='lat' dir='ltr'>vitioria</span> <span class='ocrx_word' id='word_1_63' title='bbox 435 1808 585 1898; x_wconf 85' lang='lat' dir='ltr'>inclitos,</span> <span class='ocrx_word' id='word_1_64' title='bbox 616 1806 813 1880; x_wconf 84' lang='lat' dir='ltr'>&amp;sacratas</span> <span class='ocrx_word' id='word_1_65' title='bbox 838 1809 883 1880; x_wconf 86' lang='lat' dir='ltr'>ab</span> <span class='ocrx_word' id='word_1_66' title='bbox 908 1807 1070 1905; x_wconf 80' lang='lat' dir='ltr'>Augusto</span> <span class='ocrx_word' id='word_1_67' title='bbox 1091 1808 1250 1880; x_wconf 89' lang='lat' dir='ltr'>manubi-</span> 
     </span>
     <span class='ocr_line' id='line_1_12' title="bbox 271 1924 1250 2024; baseline 0.001 -25"><span class='ocrx_word' id='word_1_68' title='bbox 271 1953 322 2017; x_wconf 88' lang='lat' dir='ltr'>as,</span> <span class='ocrx_word' id='word_1_69' title='bbox 352 1927 525 2024; x_wconf 63' lang='lat' dir='ltr'>calb-aque</span> <span class='ocrx_word' id='word_1_70' title='bbox 546 1927 693 1999; x_wconf 86' lang='lat' dir='ltr'>Antonii</span> <span class='ocrx_word' id='word_1_71' title='bbox 716 1952 799 2000; x_wconf 81' lang='lat' dir='ltr'>cunr</span> <span class='ocrx_word' id='word_1_72' title='bbox 820 1927 1058 2000; x_wconf 83' lang='lat' dir='ltr'>recordatione</span> <span class='ocrx_word' id='word_1_73' title='bbox 1080 1924 1250 2023; x_wconf 89' lang='lat' dir='ltr'>majorum</span> 
     </span>
     <span class='ocr_line' id='line_1_13' title="bbox 269 2043 1248 2143; baseline 0 -26"><span class='ocrx_word' id='word_1_74' title='bbox 269 2043 410 2118; x_wconf 87' lang='lat' dir='ltr'>suorum</span> <span class='ocrx_word' id='word_1_75' title='bbox 426 2044 529 2118; x_wconf 84' lang='lat' dir='ltr'>adiit:</span> <span class='ocrx_word' id='word_1_76' title='bbox 559 2071 713 2143; x_wconf 88' lang='lat' dir='ltr'>namque</span> <span class='ocrx_word' id='word_1_77' title='bbox 728 2045 774 2135; x_wconf 88' lang='lat' dir='ltr'>ei,</span> <span class='ocrx_word' id='word_1_78' title='bbox 800 2065 839 2118; x_wconf 88' lang='lat' dir='ltr'>ut</span> <span class='ocrx_word' id='word_1_79' title='bbox 855 2044 1065 2136; x_wconf 81' lang='lat' dir='ltr'>memoravi,</span> <span class='ocrx_word' id='word_1_80' title='bbox 1092 2070 1248 2117; x_wconf 90' lang='lat' dir='ltr'>avuncu-</span> 
     </span>
     <span class='ocr_line' id='line_1_14' title="bbox 268 2163 1249 2262; baseline 0.003 -27"><span class='ocrx_word' id='word_1_81' title='bbox 268 2165 322 2236; x_wconf 91' lang='lat' dir='ltr'>lus</span> <span class='ocrx_word' id='word_1_82' title='bbox 353 2163 547 2261; x_wconf 83' lang='lat' dir='ltr'>Augustus,</span> <span class='ocrx_word' id='word_1_83' title='bbox 576 2189 661 2238; x_wconf 85' lang='lat' dir='ltr'>avus</span> <span class='ocrx_word' id='word_1_84' title='bbox 695 2165 872 2238; x_wconf 87' lang='lat' dir='ltr'>Antonius</span> <span class='ocrx_word' id='word_1_85' title='bbox 903 2185 1014 2255; x_wconf 91' lang='lat' dir='ltr'>erant,</span> <span class='ocrx_word' id='word_1_86' title='bbox 1049 2188 1249 2262; x_wconf 87' lang='lat' dir='ltr'>magnaque</span> 
     </span>
     <span class='ocr_line' id='line_1_15' title="bbox 267 2281 1249 2382; baseline 0.003 -27"><span class='ocrx_word' id='word_1_87' title='bbox 267 2281 338 2356; x_wconf 89' lang='lat' dir='ltr'>illic</span> <span class='ocrx_word' id='word_1_88' title='bbox 360 2283 480 2380; x_wconf 86' lang='lat' dir='ltr'>imago</span> <span class='ocrx_word' id='word_1_89' title='bbox 503 2283 653 2357; x_wconf 88' lang='lat' dir='ltr'>tristium</span> <span class='ocrx_word' id='word_1_90' title='bbox 677 2286 923 2382; x_wconf 80' lang='lat' dir='ltr'>latorumque.</span> <span class='ocrx_word' id='word_1_91' title='bbox 976 2283 1076 2358; x_wconf 92' lang='lat' dir='ltr'>Hinc</span> <span class='ocrx_word' id='word_1_92' title='bbox 1103 2302 1249 2358; x_wconf 85' lang='lat' dir='ltr'>ventum</span> 
     </span>
     <span class='ocr_line' id='line_1_16' title="bbox 267 2401 1247 2501; baseline 0.004 -27"><span class='ocrx_word' id='word_1_93' title='bbox 267 2404 436 2492; x_wconf 84' lang='lat' dir='ltr'>Athenas,</span> <span class='ocrx_word' id='word_1_94' title='bbox 455 2401 649 2501; x_wconf 79' lang='lat' dir='ltr'>foederique</span> <span class='ocrx_word' id='word_1_95' title='bbox 665 2401 764 2478; x_wconf 84' lang='lat' dir='ltr'>sociae</span> <span class='ocrx_word' id='word_1_96' title='bbox 779 2409 813 2478; x_wconf 90' lang='lat'>&amp;</span> <span class='ocrx_word' id='word_1_97' title='bbox 835 2405 979 2478; x_wconf 87' lang='lat' dir='ltr'>vetustae</span> <span class='ocrx_word' id='word_1_98' title='bbox 996 2405 1089 2477; x_wconf 87' lang='lat' dir='ltr'>urbis</span> <span class='ocrx_word' id='word_1_99' title='bbox 1111 2404 1247 2494; x_wconf 88' lang='lat' dir='ltr'>datum,</span> 
     </span>
     <span class='ocr_line' id='line_1_17' title="bbox 265 2520 1243 2620; baseline 0.003 -26"><span class='ocrx_word' id='word_1_100' title='bbox 265 2540 304 2594; x_wconf 88' lang='lat' dir='ltr'>ut</span> <span class='ocrx_word' id='word_1_101' title='bbox 323 2547 395 2594; x_wconf 92' lang='lat' dir='ltr'>uno</span> <span class='ocrx_word' id='word_1_102' title='bbox 415 2520 539 2595; x_wconf 77' lang='lat' dir='ltr'>littore</span> <span class='ocrx_word' id='word_1_103' title='bbox 558 2542 720 2596; x_wconf 89' lang='lat' dir='ltr'>uteretur.</span> <span class='ocrx_word' id='word_1_104' title='bbox 771 2526 956 2620; x_wconf 68' lang='lat' dir='ltr'>Excepere</span> <span class='ocrx_word' id='word_1_105' title='bbox 977 2523 1094 2597; x_wconf 86' lang='lat' dir='ltr'>Graeci</span> <span class='ocrx_word' id='word_1_106' title='bbox 1120 2527 1243 2620; x_wconf 85' lang='lat' dir='ltr'>quaefi-</span> 
     </span>
     <span class='ocr_line' id='line_1_18' title="bbox 264 2639 1247 2741; baseline 0.002 -29"><span class='ocrx_word' id='word_1_107' title='bbox 264 2639 398 2713; x_wconf 85' lang='lat' dir='ltr'>tiffimis</span> <span class='ocrx_word' id='word_1_108' title='bbox 420 2642 627 2732; x_wconf 86' lang='lat' dir='ltr'>honoribus,</span> <span class='ocrx_word' id='word_1_109' title='bbox 649 2662 767 2714; x_wconf 87' lang='lat' dir='ltr'>vetera</span> <span class='ocrx_word' id='word_1_110' title='bbox 788 2640 927 2715; x_wconf 88' lang='lat' dir='ltr'>suorum</span> <span class='ocrx_word' id='word_1_111' title='bbox 959 2641 1049 2715; x_wconf 65' lang='lat' dir='ltr'>faeta</span> <span class='ocrx_word' id='word_1_112' title='bbox 1083 2642 1247 2741; x_wconf 69' lang='lat' dir='ltr'>didiaque</span> 
     </span>
     <span class='ocr_line' id='line_1_19' title="bbox 265 2757 1245 2857; baseline 0.004 -27"><span class='ocrx_word' id='word_1_113' title='bbox 265 2757 496 2856; x_wconf 85' lang='lat' dir='ltr'>praeferentes,</span> <span class='ocrx_word' id='word_1_114' title='bbox 511 2759 583 2856; x_wconf 77' lang='lat' dir='ltr'>qud</span> <span class='ocrx_word' id='word_1_115' title='bbox 594 2761 671 2856; x_wconf 90' lang='lat' dir='ltr'>plus</span> <span class='ocrx_word' id='word_1_116' title='bbox 687 2759 900 2857; x_wconf 82' lang='lat' dir='ltr'>dignationis</span> <span class='ocrx_word' id='word_1_117' title='bbox 917 2761 1070 2834; x_wconf 89' lang='lat' dir='ltr'>adulatio</span> <span class='ocrx_word' id='word_1_118' title='bbox 1087 2763 1245 2836; x_wconf 86' lang='lat' dir='ltr'>haberet.</span> 
     </span>
    </p>

    <p class='ocr_par' dir='ltr' id='par_1_4' title="bbox 256 2877 1246 4050">
     <span class='ocr_line' id='line_1_20' title="bbox 312 2877 1242 2971; baseline 0.003 -21"><span class='ocrx_word' id='word_1_119' title='bbox 312 2879 409 2950; x_wconf 86' lang='lat' dir='ltr'><strong>LIV.</strong></span> <span class='ocrx_word' id='word_1_120' title='bbox 440 2880 600 2950; x_wconf 72' lang='lat' dir='ltr'>Parra-A</span> <span class='ocrx_word' id='word_1_121' title='bbox 618 2877 700 2950; x_wconf 91' lang='lat' dir='ltr'>inde</span> <span class='ocrx_word' id='word_1_122' title='bbox 723 2881 875 2969; x_wconf 68' lang='lat' dir='ltr'>Euboea,</span> <span class='ocrx_word' id='word_1_123' title='bbox 902 2879 1045 2952; x_wconf 76' lang='lat' dir='ltr'>tramisit</span> <span class='ocrx_word' id='word_1_124' title='bbox 1068 2881 1242 2971; x_wconf 71' lang='lat' dir='ltr'>Lesbum,</span> 
     </span>
     <span class='ocr_line' id='line_1_21' title="bbox 262 2996 1246 3094; baseline 0.003 -24"><span class='ocrx_word' id='word_1_125' title='bbox 262 2997 325 3070; x_wconf 89' lang='lat' dir='ltr'>ubi</span> <span class='ocrx_word' id='word_1_126' title='bbox 341 2996 541 3094; x_wconf 88' lang='lat' dir='ltr'>Agrippina</span> <span class='ocrx_word' id='word_1_127' title='bbox 555 2997 736 3070; x_wconf 88' lang='lat' dir='ltr'>novissimo</span> <span class='ocrx_word' id='word_1_128' title='bbox 751 3018 853 3093; x_wconf 90' lang='lat' dir='ltr'>partu</span> <span class='ocrx_word' id='word_1_129' title='bbox 869 2997 1001 3094; x_wconf 86' lang='lat' dir='ltr'>Juliam</span> <span class='ocrx_word' id='word_1_130' title='bbox 1017 2996 1146 3070; x_wconf 89' lang='lat' dir='ltr'>edidit:</span> <span class='ocrx_word' id='word_1_131' title='bbox 1168 3019 1246 3073; x_wconf 86' lang='lat' dir='ltr'>tunt</span> 
     </span>
     <span class='ocr_line' id='line_1_22' title="bbox 261 3115 1246 3213; baseline 0.001 -23"><span class='ocrx_word' id='word_1_132' title='bbox 261 3137 418 3190; x_wconf 85' lang='lat' dir='ltr'>extrema</span> <span class='ocrx_word' id='word_1_133' title='bbox 431 3119 537 3208; x_wconf 85' lang='lat' dir='ltr'>Afiae,</span> <span class='ocrx_word' id='word_1_134' title='bbox 564 3115 842 3213; x_wconf 88' lang='lat' dir='ltr'>Perinthumque</span> <span class='ocrx_word' id='word_1_135' title='bbox 856 3143 896 3189; x_wconf 86' lang='lat' dir='ltr'>ac</span> <span class='ocrx_word' id='word_1_136' title='bbox 910 3115 1119 3211; x_wconf 87' lang='lat' dir='ltr'>Byzantium</span> <span class='ocrx_word' id='word_1_137' title='bbox 1131 3119 1246 3192; x_wconf 89' lang='lat' dir='ltr'>Thra-</span> 
     </span>
     <span class='ocr_line' id='line_1_23' title="bbox 261 3234 1246 3334; baseline 0.003 -27"><span class='ocrx_word' id='word_1_138' title='bbox 261 3235 329 3310; x_wconf 86' lang='lat' dir='ltr'>cias</span> <span class='ocrx_word' id='word_1_139' title='bbox 348 3239 465 3327; x_wconf 89' lang='lat' dir='ltr'>urbes,</span> <span class='ocrx_word' id='word_1_140' title='bbox 493 3261 580 3310; x_wconf 87' lang='lat' dir='ltr'>mox</span> <span class='ocrx_word' id='word_1_141' title='bbox 596 3235 821 3332; x_wconf 88' lang='lat' dir='ltr'>Propontidis</span> <span class='ocrx_word' id='word_1_142' title='bbox 837 3234 1026 3334; x_wconf 85' lang='lat' dir='ltr'>angustias,</span> <span class='ocrx_word' id='word_1_143' title='bbox 1053 3239 1086 3308; x_wconf 77' lang='grc' dir='ltr'>δε</span> <span class='ocrx_word' id='word_1_144' title='bbox 1100 3261 1138 3309; x_wconf 92' lang='lat' dir='ltr'>os</span> <span class='ocrx_word' id='word_1_145' title='bbox 1151 3239 1246 3310; x_wconf 93' lang='lat' dir='ltr'>Pon·</span> 
     </span>
     <span class='ocr_line' id='line_1_24' title="bbox 261 3353 1245 3452; baseline 0.007 -28"><span class='ocrx_word' id='word_1_146' title='bbox 261 3355 373 3428; x_wconf 90' lang='lat' dir='ltr'>ticum</span> <span class='ocrx_word' id='word_1_147' title='bbox 384 3355 502 3447; x_wconf 89' lang='lat' dir='ltr'>intrat,</span> <span class='ocrx_word' id='word_1_148' title='bbox 528 3353 696 3452; x_wconf 86' lang='lat' dir='ltr'>cupidine</span> <span class='ocrx_word' id='word_1_149' title='bbox 715 3375 848 3428; x_wconf 88' lang='lat' dir='ltr'>veteres</span> <span class='ocrx_word' id='word_1_150' title='bbox 867 3356 976 3445; x_wconf 91' lang='lat' dir='ltr'>locos,</span> <span class='ocrx_word' id='word_1_151' title='bbox 1004 3353 1142 3430; x_wconf 65' lang='lat' dir='ltr'>&amp;famei</span> <span class='ocrx_word' id='word_1_152' title='bbox 1155 3359 1245 3431; x_wconf 84' lang='lat' dir='ltr'>ceie-</span> 
     </span>
     <span class='ocr_line' id='line_1_25' title="bbox 262 3473 1245 3572; baseline 0.004 -24"><span class='ocrx_word' id='word_1_153' title='bbox 262 3476 379 3548; x_wconf 85' lang='lat' dir='ltr'>bratos</span> <span class='ocrx_word' id='word_1_154' title='bbox 412 3473 601 3549; x_wconf 83' lang='lat' dir='ltr'>noscendi:</span> <span class='ocrx_word' id='word_1_155' title='bbox 641 3475 838 3572; x_wconf 88' lang='lat' dir='ltr'>pariterque</span> <span class='ocrx_word' id='word_1_156' title='bbox 871 3474 1067 3572; x_wconf 86' lang='lat' dir='ltr'>provincias</span> <span class='ocrx_word' id='word_1_157' title='bbox 1103 3476 1245 3552; x_wconf 91' lang='lat' dir='ltr'>internis</span> 
     </span>
     <span class='ocr_line' id='line_1_26' title="bbox 261 3593 1243 3694; baseline 0.007 -28"><span class='ocrx_word' id='word_1_158' title='bbox 261 3595 519 3684; x_wconf 85' lang='lat' dir='ltr'>certaminibus,</span> <span class='ocrx_word' id='word_1_159' title='bbox 542 3613 600 3667; x_wconf 91' lang='lat' dir='ltr'>aut</span> <span class='ocrx_word' id='word_1_160' title='bbox 628 3594 895 3694; x_wconf 88' lang='lat' dir='ltr'>magistratuum</span> <span class='ocrx_word' id='word_1_161' title='bbox 924 3593 1055 3692; x_wconf 88' lang='lat' dir='ltr'>injuriis</span> <span class='ocrx_word' id='word_1_162' title='bbox 1076 3595 1172 3671; x_wconf 84' lang='lat' dir='ltr'>feffas</span> <span class='ocrx_word' id='word_1_163' title='bbox 1192 3624 1243 3672; x_wconf 93' lang='lat' dir='ltr'>re·</span> 
     </span>
     <span class='ocr_line' id='line_1_27' title="bbox 262 3701 1240 3812; baseline 0.009 -30"><span class='ocrx_word' id='word_1_164' title='bbox 262 3701 425 3784; x_wconf 82' lang='lat' dir='ltr'>fovebat:</span> <span class='ocrx_word' id='word_1_165' title='bbox 456 3733 561 3810; x_wconf 89' lang='lat' dir='ltr'>atque</span> <span class='ocrx_word' id='word_1_166' title='bbox 581 3714 683 3787; x_wconf 89' lang='lat' dir='ltr'>illum</span> <span class='ocrx_word' id='word_1_167' title='bbox 707 3715 743 3788; x_wconf 96' lang='lat' dir='ltr'>in</span> <span class='ocrx_word' id='word_1_168' title='bbox 770 3715 919 3812; x_wconf 84' lang='lat' dir='ltr'>regreffu</span> <span class='ocrx_word' id='word_1_169' title='bbox 935 3713 1028 3788; x_wconf 86' lang='lat' dir='ltr'>sacra</span> <span class='ocrx_word' id='word_1_170' title='bbox 1044 3717 1240 3791; x_wconf 87' lang='lat' dir='ltr'>Samothra·</span> 
     </span>
     <span class='ocr_line' id='line_1_28' title="bbox 258 3829 1243 3933; baseline 0.009 -32"><span class='ocrx_word' id='word_1_171' title='bbox 258 3854 342 3901; x_wconf 88' lang='lat' dir='ltr'>cum</span> <span class='ocrx_word' id='word_1_172' title='bbox 373 3829 479 3903; x_wconf 89' lang='lat' dir='ltr'>visere</span> <span class='ocrx_word' id='word_1_173' title='bbox 510 3832 693 3923; x_wconf 89' lang='lat' dir='ltr'>nitentem,</span> <span class='ocrx_word' id='word_1_174' title='bbox 736 3832 833 3906; x_wconf 88' lang='lat' dir='ltr'>obvii</span> <span class='ocrx_word' id='word_1_175' title='bbox 860 3832 1039 3931; x_wconf 86' lang='lat' dir='ltr'>aquilones</span> <span class='ocrx_word' id='word_1_176' title='bbox 1067 3835 1243 3933; x_wconf 66' lang='lat' dir='ltr'>depulere.</span> 
     </span>
     <span class='ocr_line' id='line_1_29' title="bbox 256 3947 1241 4050; baseline 0.008 -28"><span class='ocrx_word' id='word_1_177' title='bbox 256 3947 369 4048; x_wconf 85' lang='lat' dir='ltr'>Igitur</span> <span class='ocrx_word' id='word_1_178' title='bbox 384 3948 464 4041; x_wconf 90' lang='lat' dir='ltr'>llio,</span> <span class='ocrx_word' id='word_1_179' title='bbox 491 3974 643 4050; x_wconf 88' lang='lat' dir='ltr'>quaeque</span> <span class='ocrx_word' id='word_1_180' title='bbox 658 3953 707 4028; x_wconf 93' lang='lat' dir='ltr'>ibi</span> <span class='ocrx_word' id='word_1_181' title='bbox 723 3951 885 4038; x_wconf 85' lang='lat' dir='ltr'>varietate</span> <span class='ocrx_word' id='word_1_182' title='bbox 909 3952 1071 4048; x_wconf 87' lang='lat' dir='ltr'>fortunae‚</span> <span class='ocrx_word' id='word_1_183' title='bbox 1104 3959 1137 4029; x_wconf 88' lang='lat'>&amp;</span> <span class='ocrx_word' id='word_1_184' title='bbox 1164 3955 1241 4030; x_wconf 89' lang='lat' dir='ltr'>nos·</span> 
     </span>
    </p>
   </div>
   <div class='ocr_carea' id='block_1_3' title="bbox 0 0 1634 5284">
    <p class='ocr_par' dir='ltr' id='par_1_5' title="bbox 0 0 1634 5284">
     <span class='ocr_line' id='line_1_30' title="bbox 0 0 1634 5284; baseline 0 8"><span class='ocrx_word' id='word_1_185' title='bbox 0 0 1634 5284; x_wconf 95' lang='lat' dir='ltr'> </span> 
     </span>
    </p>
   </div>
  </div>
 </body>
</html>
