3259 5284
518 572 823 641 Auularnru
856 567 967 638 Lan.
999 567 1045 637 ll.
1212 568 1256 663 89

291 750 320 788 “
338 765 437 832 num,
455 744 489 814 sc
507 739 677 813 inauditas
692 739 864 828 volucres,
877 738 1029 810 monstra
1046 735 1162 827 maris,
1181 763 1256 810 am-

292 870 322 905 “
339 861 462 959 biguas
483 859 667 933 hominum
692 863 725 932 δι
750 859 942 931 belluarum
967 856 1095 930 formas
1109 859 1145 930 :''
1174 855 1256 949 visa,

292 985 361 1054 five
377 1006 422 1054 ex
438 1001 536 1052 metu
552 979 691 1051 credita.

340 1102 457 1174 XXV.
482 1101 556 1170 San
576 1122 690 1172 rnna
715 1099 821 1170 claffis
842 1097 982 1187 arniffae,
1004 1117 1043 1170 ut
1065 1100 1258 1172 Germanos

292 1220 338 1292 ad
353 1217 448 1314 spem
463 1218 560 1308 belli,
582 1217 629 1290 ita
644 1216 813 1291 Caesarem
830 1220 873 1290 ad
891 1219 1124 1290 cos'rcendum
1140 1219 1258 1293 erexit.

294 1341 336 1413 C.
349 1339 430 1412 Silio
447 1365 529 1411 curn
545 1337 687 1436 triginta
699 1337 871 1435 pedinrm,
884 1337 992 1410 tribus
1008 1338 1164 1435 equitum
1181 1339 1258 1410 mil-

294 1459 383 1533 libus
405 1459 452 1532 ire
473 1459 510 1531 in
526 1458 645 1534 Cattos
660 1457 832 1553 imperat:
863 1456 933 1552 ipse
950 1454 1135 1555 majoribus
1153 1457 1260 1555 copiis

294 1577 428 1652 Marsos
449 1576 633 1673 inrumpit:
665 1602 815 1673 quorum
839 1577 913 1648 dux
935 1577 1171 1650 Malovendus
1194 1569 1280 1650 nu·⁸

293 1723 355 1796 per
382 1698 419 1770 in
450 1697 665 1770 deditionem
697 1715 870 1791 acceptus,
905 1695 1149 1793 “propinquo
1177 1698 1261 1768 luco

296 1823 323 1860 “
340 1815 506 1890 defossam
518 1815 673 1889 Varianae
689 1814 835 1913 legionis
850 1814 1003 1912 aquilam
1020 1814 1160 1888 modico
1173 1840 1260 1913 prae-

295 1943 324 1978 “
342 1937 425 2009 lidio
440 1935 588 2009 servari”
611 1934 752 2008 indicat.
778 1934 907 2007 -Miss'a
927 1936 1105 2030 extemplo
1125 1960 1268 2032 manus,

295 2081 373 2153 quae
394 2055 526 2127 hostem
547 2079 569 2126 a
589 2053 702 2126 fronte
722 2053 876 2142 eliceret,
897 2051 968 2142 alii,
996 2051 1056 2148 qui
1077 2071 1173 2152 terga
1194 2054 1260 2127 cir-

294 2176 476 2272 cumgressr
496 2174 713 2246 recluderent
727 2174 899 2268 humum:
927 2175 960 2244 δι
982 2170 1132 2270 utrisque
1153 2173 1262 2247 adfuit

211 2291 214 2294 ’
293 2292 443 2367 fortuna.
510 2293 565 2365 Eo
594 2291 788 2389 promptior
813 2290 923 2365 Caesar
948 2291 1062 2391 pergit
1087 2290 1260 2384 introrsus,

294 2414 492 2510 populatur,
517 2411 684 2484 exscindit
697 2424 771 2483 'non
786 2410 908 2483 ausum
924 2411 1090 2510 congredi
1106 2413 1259 2486 hostem:

293 2550 354 2603 aut
376 2530 481 2602 sicubi
501 2530 678 2620 restiterat,
700 2530 813 2602 statim
834 2529 985 2627 pulsum,
1005 2557 1069 2603 nec
1091 2558 1263 2630 umquam

247 2639 252 2648 ’
295 2650 421 2747 magis,
450 2669 489 2721 ut
517 2675 561 2722 ex
590 2649 731 2747 captivis
758 2648 941 2746 cognitum
970 2649 1032 2739 est,
1065 2671 1260 2745 paventem.
1299 2741 1304 2748 .

293 2768 436 2865 Quippe
476 2776 503 2811 “
530 2768 676 2840 invislos
706 2773 740 2841 lla
769 2767 871 2840 nullis
900 2770 1030 2842 casrbus
1058 2767 1261 2864 superabiles

294 2892 322 2927 “
342 2890 546 2960 Romanos''
576 2887 823 2984 praedicabant,
852 2893 879 2929 “
898 2887 957 2984 qui
986 2887 1119 2984 perditl
1147 2889 1259 2978 classe,

295 3012 323 3047 “
341 3005 463 3077 amiffis
480 3006 597 3094 armis,
623 3007 701 3104 post
717 3008 888 3080 constrata
905 3033 1075 3105 equorum
1091 3006 1262 3080 virorum-

295 3130 323 3170 “
342 3150 409 3220 que
433 3125 637 3222 corporibus
654 3127 767 3217 litora,
785 3128 906 3200 cladem
923 3127 1061 3216 virtute,
1087 3125 1157 3222 pari
1173 3125 1261 3199 sero·

295 3248 323 3285 “
341 3244 406 3332 cia,
426 3246 460 3314 δι
476 3244 584 3316 veluti
600 3245 690 3318 ausli
706 3272 854 3320 numero
870 3247 1108 3344 inrupissent?

340 3365 475 3435 XXVI.
496 3367 713 3437 Ranucrus
730 3364 811 3437 inde
827 3364 863 3438 in
879 3365 1022 3439 hiberna
1038 3367 1149 3456 miles,
1164 3368 1262 3438 laetus

292 3481 412 3571 animi,
441 3480 539 3579 qubd
559 3481 699 3555 adversa
719 3485 835 3575 maris,
862 3485 1082 3582 expeditione
1103 3486 1262 3582 prospera
1344 3497 1346 3502 ’

293 3599 516 3697 pensaviffet:
547 3603 681 3676 addidit
702 3605 977 3678 munificentiam
998 3603 1124 3694 Caesar,
1150 3631 1260 3702 quan-

293 3737 368 3797 tum
385 3720 461 3818 quis
477 3721 598 3794 damni
615 3722 780 3818 proseffus
802 3745 887 3814 erat,
910 3723 1130 3798 exsolvendo.
1181 3727 1259 3800 Nec

291 3838 438 3912 dubium
454 3841 659 3932 habebatur,
681 3844 796 3915 labare
812 3844 936 3934 hostes,
956 3846 1183 3942 petendaeque
1199 3872 1259 3942 pa-

287 3955 339 4038 cis
355 3955 734 4053 consiliastunere,&s1
751 3963 915 4062 proxima
930 3966 1025 4044 aestas
1041 3963 1257 4064 adjiceretur,
