3259 5284
387 492 460 583 264
579 490 622 565 C.
664 490 928 565 Conuaarr
971 491 1169 567 Tncrrr

389 668 507 763 posita.
557 668 676 741 Funus
704 666 775 766 ejus
804 670 996 759 modicum,
1029 668 1272 741 testamentum
1298 664 1370 741 diu

388 784 529 857 inritum
551 782 640 859 suit:
667 788 805 861 laudata
829 787 879 861 est
906 814 970 885 pro
993 787 1106 860 rostris
1126 812 1147 859 a
1168 786 1211 859 C.
1228 782 1371 857 Caesare

392 924 595 1001 pronepote,
624 908 684 1003 qui
709 932 794 979 mox
819 932 932 980 rerum
955 906 1082 1003 potitus
1096 904 1158 977 est.

439 1026 483 1095 ll.
520 1028 579 1095 Ar
610 1026 822 1113 Truentus,
849 1024 946 1122 qubd
967 1022 1130 1121 supremis
1153 1022 1189 1094 in
1214 1042 1367 1094 matrem

386 1142 507 1213 officiis
546 1140 716 1233 defuisset,
755 1142 839 1215 nihil
870 1146 1002 1215 mutata
1034 1140 1234 1215 amoenitate
1267 1139 1367 1227 vita,

392 1260 716 1358 “magnitudinem
750 1262 997 1359 negotiorum'’
1027 1285 1088 1357 per
1116 1260 1227 1331 literas
1254 1283 1367 1331 excu-

389 1379 495 1451 savit:
524 1378 738 1477 honoresque
768 1379 943 1452 memoriae
966 1377 1037 1475 ejus
1059 1382 1105 1452 ab
1129 1377 1244 1452 senatu
1267 1376 1367 1473 large

387 1500 560 1586 decretos,
593 1502 685 1595 quast
713 1524 773 1595 per
795 1498 1000 1571 modestiam
1026 1496 1219 1585 imminuit,
1245 1494 1366 1592 paucis

389 1618 582 1689 admodum
611 1616 767 1712 receptis,
796 1620 829 1691 8<
859 1618 991 1706 addito,
1011 1625 1040 1659 “
1057 1641 1101 1688 ne
1120 1614 1259 1689 caelestis
1282 1612 1364 1685 reli-

391 1742 419 1777 “
439 1734 498 1831 gio
513 1736 774 1821 decerneretur3
795 1740 838 1808 src
856 1734 964 1831 ipsam
977 1735 1166 1809 maluisse.”
1213 1736 1310 1831 Quin
1327 1735 1365 1804 δε

391 1874 489 1950 parte
511 1852 660 1951 ejusdem
687 1854 836 1951 epistolae
861 1853 1032 1951 increpuit
1057 1851 1268 1925 “amicitias
1284 1876 1364 1924 mu·

391 1981 419 2017 “
437 1972 598 2062 liebres‚”
612 1975 752 2048 Fufium
765 1972 940 2049 consulem
957 1971 1100 2068 oblique
1113 1970 1360 2067 perstringens:

391 2089 419 2163 is
437 2090 543 2187 gratia
561 2091 727 2188 Augustae
745 2094 921 2180 floruerat,
938 2112 1040 2186 aptus
1056 2088 1246 2163 alliciendis
1263 2087 1364 2161 semi-

391 2236 517 2288 narum
541 2209 677 2299 animis,
700 2210 804 2282 dicax
827 2210 936 2299 idem,
965 2214 999 2281 a
1027 2206 1210 2280 Tiberium
1234 2205 1364 2279 acerbis

391 2327 521 2401 facetiis
561 2328 708 2401 inridere
739 2327 875 2401 solitus:
918 2354 1065 2425 quarum
1104 2328 1197 2424 apud
1229 2350 1363 2423 praepo-

391 2466 501 2521 tentes
527 2448 562 2517 in
589 2449 735 2543 longum
757 2446 924 2519 memoria
946 2447 1009 2519 est.

441 2566 503 2637 ΙΙΙ.
528 2566 725 2640 Caranum
754 2590 798 2637 ex
827 2591 870 2638 eo
892 2586 1065 2661 praerupta
1080 2564 1156 2662 jam
1180 2570 1214 2638 bc
1238 2588 1366 2661 urgens

391 2682 611 2761 dominatio:
645 2709 726 2755 narn
755 2683 921 2756 incolumi
951 2684 1123 2781 Augusta,
1154 2696 1225 2757 erat
1249 2685 1364 2757 adhuc

390 2802 612 2901 perfugium
650 2802 732 2898 quia
758 2803 903 2883 Tiberio
926 2803 1157 2875 inveteratum
1180 2828 1264 2901 erga
1291 2828 1365 2875 ma·

392 2942 481 2997 trem
509 2919 727 3017 obsequium,
759 2946 872 3017 neque
903 2919 1042 3017 Sejanus
1067 2922 1217 2993 audebat
1247 2924 1365 2993 aucto·

391 3038 483 3119 rituti
513 3038 660 3134 parentis
682 3038 821 3117 anteire.
870 3040 974 3113 Tunc
992 3041 1087 3117 velut
1102 3037 1205 3111 frenis
1221 3036 1367 3112 exsoluti

293 3230 303 3255 ,
391 3177 650 3255 proruperunt:
690 3156 866 3253 missaque
893 3156 930 3236 in
953 3158 1189 3255 Agrippinam
1217 3184 1258 3233 ac
1290 3160 1366 3231 Ne·

390 3302 514 3351 ionem
542 3274 662 3364 literae,
693 3299 776 3372 quas
803 3274 937 3371 pridem
962 3276 1105 3365 adlatas,
1139 3276 1368 3351 &cohibitas

388 3398 434 3475 ab
454 3394 623 3489 Augusta,
650 3392 797 3467 credidit
813 3395 960 3490 vulgus:
988 3395 1081 3469 haud
1104 3394 1198 3467 enim
1214 3395 1368 3467 multhm

390 3512 468 3610 post
496 3530 646 3589 mortem
679 3510 750 3608 ejus
776 3510 925 3585 recitata
953 3511 1039 3589 sunt.
1088 3515 1205 3586 Verba
1234 3512 1368 3586 inerant

390 3632 527 3728 quaesrtal
546 3626 746 3724 asperitate:
774 3629 832 3701 sed
857 3654 927 3702 non
950 3656 1060 3719 arma,
1083 3656 1155 3705 non
1171 3656 1287 3705 rerum
1303 3657 1367 3705 no·

390 3773 513 3829 varum
535 3746 706 3831 studium;
736 3755 914 3821 “amores
937 3747 1124 3845 juvenum,
1150 3754 1185 3823 δι
1212 3749 1367 3847 impudi-

392 3876 420 3930 s‘
438 3866 578 3957 citiam'’
604 3865 724 3965 nepoti
749 3864 967 3963 objectabat:
1008 3867 1046 3945 in
1082 3894 1211 3982 purum
1249 3894 1295 3943 ne
1329 3869 1368 3943 id
