3259 5284
376 563 421 659 78
629 557 672 631 C.
698 557 937 634 Conusrn
960 558 1139 636 Tncrrr

376 742 406 778 “
418 732 507 823 sum,
528 732 641 808 libens
669 735 891 834 placatusque
919 738 1082 834 exemplo
1108 763 1148 810 ac
1181 737 1348 814 memorid

376 861 407 898 “
422 853 644 928 consiliorum
659 873 764 953 atque
785 881 932 953 operum
943 855 1080 954 juvaret
1094 859 1131 929 :”
1153 857 1247 930 lacus
1266 857 1348 932 inde

374 977 410 1096 ξι
434 976 618 1047 Oceanum
645 971 753 1072 usque
782 976 828 1048 ad
854 974 1023 1050 Amisiam
1047 979 1179 1050 flumen
1199 975 1348 1052 secund&

374 1091 596 1191 navigatione
632 1094 855 1190 pervehitur:
903 1096 1010 1168 classis
1042 1095 1182 1169 Amifiae
1214 1096 1346 1188 relicta,
1461 1191 1466 1200 Α

374 1213 466 1286 lavo
481 1237 607 1298 amne;
630 1233 850 1311 erratumque
861 1212 897 1286 in
913 1239 969 1304 eu,
996 1210 1093 1310 qudd
1109 1239 1181 1287 non
1197 1213 1346 1290 subvex-

373 1332 423 1406 it:
453 1329 656 1429 transposuit
678 1331 827 1405 militem
854 1336 991 1406 dextras
1018 1333 1054 1406 in
1070 1351 1175 1406 terras
1192 1335 1319 1408 iturum
1334 1365 1359 1424 :¹

372 1451 421 1525 ita
440 1453 555 1548 plures
581 1451 655 1524 dies
681 1451 867 1525 efficiendis
884 1452 1047 1550 pontibus
1064 1451 1249 1550 absumpti.
1300 1458 1346 1527 Et

373 1597 480 1671 eques
513 1572 656 1669 quidem
682 1597 722 1644 ac
750 1572 904 1670 legiones
932 1573 1046 1670 prima
1069 1573 1235 1662 aestuaria‚
1258 1599 1346 1646 non-

373 1696 461 1767 dum
477 1691 695 1766 adcrescente
708 1693 817 1782 unds,
835 1692 996 1789 intrepidi
1012 1693 1189 1766 transdere:
1218 1693 1346 1790 postre-

373 1834 476 1886 mum
491 1811 700 1886 auxilionrm
717 1837 860 1910 agmen,
886 1812 1073 1910 Batavique
1105 1813 1141 1885 in
1167 1832 1261 1910 parte
1290 1817 1344 1905 ed,

373 1934 462 2006 dum
484 1927 647 2005 insultant
683 1931 796 2028 aquis,
828 1951 1010 2029 artemque
1033 1931 1139 2004 nandi
1164 1933 1345 2024 ostentant,

373 2052 515 2142 turbati,
538 2058 573 2124 δι
597 2051 742 2148 quidam
768 2051 879 2124 hausti
908 2051 996 2124 sunt.
1058 2051 1209 2124 Metanti
1242 2052 1347 2126 castra

374 2167 499 2246 Caesari
516 2171 808 2270 Angrivariorum
825 2169 972 2243 defectjo
989 2196 1010 2243 a
1026 2191 1127 2268 tergo
1147 2170 1342 2244 nuntiatur:

375 2291 496 2365 missus
521 2291 616 2364 illico
646 2289 824 2364 Stertinius
845 2315 928 2362 eum
951 2289 1066 2388 equite
1099 2294 1133 2363 δι
1173 2293 1347 2364 armatur&

375 2412 460 2502 levi,
485 2412 568 2510 igne
595 2415 629 2483 ἃ
646 2409 798 2483 caedibus
812 2409 995 2506 perfidiam
1012 2411 1105 2482 ultus
1116 2409 1177 2482 est.
1269 2439 1272 2446 ’

423 2533 490 2605 ΙΧ.
515 2533 686 2604 Fuumnn
711 2527 864 2628 Visurgis
889 2534 1070 2604 Romanos
1091 2527 1346 2628 Cheruscosque

375 2650 618 2725 interfluebat:
642 2646 713 2748 ejus
740 2647 777 2722 in
803 2649 877 2746 ripd
898 2673 981 2722 cum
1002 2649 1120 2722 ceteris
1137 2648 1347 2747 primoribus

376 2770 558 2846 Arminius
584 2768 728 2859 adstitit,
753 2771 964 2867 quaesrtoque
988 2776 1074 2842 “an
1097 2767 1208 2841 Caesar
1236 2761 1345 2842 venis-

377 2899 406 2936 “
423 2889 471 2964 set
485 2892 525 2964 ?’'
548 2889 731 2988 postquam
755 2895 783 2932 “
794 2891 931 2962 adeffe’'
954 2888 1151 2986 responsum
1168 2889 1229 2978 est,
1264 2895 1346 2961 “ut

378 3017 409 3055 “
425 3011 542 3083 liceret
557 3031 641 3083 curn
656 3007 760 3082 fratre
772 3009 961 3106 conloqui'’
986 3008 1109 3082 oravit.
1160 3011 1244 3082 Erat
1267 3007 1346 3083 isin

376 3131 528 3206 exercitu
565 3147 801 3227 cognomento
825 3127 980 3218 Flavius,
1011 3127 1152 3227 insignis
1187 3130 1272 3217 fide,
1312 3131 1345 3200 dt

378 3250 502 3324 amisso
530 3274 592 3346 per
618 3248 745 3320 vulnus
769 3248 873 3320 oculo
892 3247 1009 3345 paucis
1026 3246 1106 3320 ante
1122 3247 1232 3338 annis,
1257 3249 1349 3320 duce

376 3367 547 3442 Tiberio:
585 3385 663 3440 tum
692 3366 917 3464 permissum
946 3367 1206 3466 progressusque
1226 3365 1348 3441 saiuta·

378 3507 435 3562 tur
459 3488 504 3561 ab
538 3485 727 3560 Arminio:
767 3486 827 3584 qui
851 3487 974 3589 amotis
996 3487 1228 3585 stipatoribus,
1266 3493 1294 3528 “
1307 3506 1348 3559 ut

381 3614 410 3651 ‘⁴
428 3604 590 3706 sagittarii
608 3606 721 3681 nostri
737 3632 802 3704 pro
826 3607 900 3705 rips
920 3605 1072 3705 dispositi
1091 3605 1350 3696 abscederent,'’

378 3725 548 3824 postulat3
574 3728 609 3798 ἃ
633 3723 817 3825 postquam
829 3729 980 3827 digressi,
1013 3728 1148 3802 “unde
1171 3751 1211 3800 ea
1233 3724 1349 3799 defor-

378 3853 408 3889 “
427 3844 527 3918 mitas
550 3843 618 3916 oris
638 3847 678 3917 ?''
705 3846 893 3946 interrogat
918 3847 1083 3922 fratrem:
1126 3848 1187 3920 illo
1215 3849 1347 3935 locum,

379 3969 415 4040 δι
436 3963 601 4064 proelium
621 3961 814 4055 reserente3
841 3974 869 4012 “
886 3969 1066 4065 quodnam
1093 3966 1277 4068 praernium
1295 3990 1348 4040 re-
