3259 5284
494 646 805 717 Auunnront
839 638 1041 716 Lrnvt.
1189 640 1257 735 285

287 824 317 862 “
334 843 419 908 non,
433 838 473 891 ut
484 820 615 908 assolet,
629 819 718 891 lecto
735 842 795 915 per
810 812 1002 913 magistros,
1021 810 1261 907 aestimatoque

290 944 320 983 “
338 938 505 1027 carmine,
535 938 628 1034 apud
657 935 908 1032 infrequentem
930 931 1087 1009 senatum
1102 929 1261 1027 egiffet.’'

260 1058 264 1065 ’
288 1057 398 1130 Simul
417 1053 707 1141 commonefecit;
740 1062 767 1097 “
782 1054 866 1151 quia
881 1055 992 1127 multa
1010 1076 1098 1124 vana
1113 1049 1176 1123 sub
1197 1075 1260 1126 no·

290 1182 318 1218 “
338 1175 432 1248 mine
449 1175 576 1249 celebri
609 1177 855 1272 vulgabantur,
881 1170 1024 1245 sanxisse
1042 1168 1260 1268 Augustum,

289 1300 316 1336 “
335 1320 442 1392 quem
466 1294 556 1367 intra
580 1293 675 1367 diem
702 1294 747 1367 ad
774 1312 959 1389 praetorem
985 1293 1172 1365 Urbanum
1199 1290 1261 1361 de·

290 1420 317 1456 “
336 1412 519 1503 ferrentur,
533 1438 647 1510 neque
663 1415 791 1486 habere
808 1410 971 1509 privatim
988 1410 1148 1489 liceret:”
1166 1411 1261 1505 quod

288 1559 309 1606 a
335 1530 524 1629 majoribus
548 1558 689 1629 quoque
706 1532 888 1611 decretum
903 1550 986 1622 erat,
1005 1530 1082 1629 post
1097 1528 1261 1603 exustum

288 1652 402 1726 sociali
419 1654 513 1725 bello
530 1650 756 1748 Capitolium,
775 1651 920 1748 quaesitis
936 1654 1054 1739 samo,
1072 1648 1149 1737 Ili0,
1170 1650 1261 1752 Erp-

290 1770 388 1859 thris,
420 1794 480 1866 per
502 1768 665 1855 Africam,
677 1770 793 1859 etiam,
817 1796 857 1844 ac
880 1769 1043 1859 Siciliam,
1072 1768 1262 1841 &Italicas

265 1927 268 1935 ·
290 1887 443 1962 colonias
460 1887 667 1961 carminibus
683 1888 836 1985 Sibyllae,
862 1915 931 1963 una
946 1886 1005 1962 seu
1021 1890 1135 1985 plures
1151 1886 1259 1976 suere,

289 2010 442 2105 datoque
462 2006 693 2081 sacerdotibus
725 2008 881 2106 negotio,
916 2009 1087 2106 quantum
1110 2009 1261 2080 humani

291 2150 359 2223 ope
381 2124 581 2223 potuissent,
598 2150 681 2199 vera
696 2125 895 2201 discernere.
944 2127 1057 2225 Igitur
1073 2147 1155 2200 tuuc
1173 2150 1262 2223 quo-

291 2270 360 2343 que
378 2244 514 2318 notioni
531 2244 851 2342 quindecimvirtlm
875 2246 903 2319 is
927 2246 1014 2319 liber
1030 2244 1221 2345 subjicitur.

337 2364 436 2439 XIII.
449 2364 590 2439 Irsueu
608 2363 818 2455 consulibus,
837 2365 1004 2464 gravitate
1020 2364 1261 2464 annonaejux·

287 2503 323 2556 ta
350 2482 551 2559 seditionem
580 2504 747 2558 ventum:
773 2486 967 2582 multaque,
999 2488 1171 2583 &plures
1198 2510 1259 2581 per

289 2602 375 2692 dies,
399 2602 435 2678 in
451 2606 587 2686 theatro
606 2602 763 2677 licentitls
781 2603 980 2701 efflagitata,
1000 2605 1106 2704 quam
1124 2604 1263 2677 solitum

289 2722 475 2799 adversum
492 2724 760 2820 Imperatorem:
787 2724 866 2819 quis
893 2743 1106 2815 commotus,
1130 2722 1260 2797 incusa-

289 2838 340 2911 vit
379 2840 595 2937 magistratus
624 2840 814 2940 patresque,
851 2848 879 2884 “
896 2842 993 2939 quod
1022 2868 1093 2917 non
1122 2842 1264 2939 publicai

291 2965 319 3002 “
336 2958 533 3033 audoritate
563 2961 734 3057 populum
757 2961 983 3037 coercuiffent
996 2963 1033 3033 :'’
1057 2960 1263 3058 addiditque

288 3077 414 3177 quibus
444 3103 463 3151 e
488 3078 686 3175 provinciis,
717 3082 750 3153 δι
781 3079 911 3178 quanti>
942 3079 1122 3177 majorem,
1153 3082 1263 3179 quim

288 3198 483 3297 Augustus,
506 3197 554 3269 rei
572 3197 800 3277 frumentariae
819 3198 959 3296 copiam
976 3201 1182 3276 advectaret.
1208 3203 1263 3274 Ita

289 3317 497 3415 castigandae
530 3317 625 3414 plebi
654 3321 887 3415 compositum
919 3316 1261 3412 senatusconsultum,

288 3436 398 3534 priscd
414 3434 615 3517 severitate:
645 3462 758 3534 neque
774 3436 913 3537 segnius
929 3435 1084 3511 consules
1099 3439 1259 3517 edixere:

287 3556 460 3633 silentium
485 3555 588 3653 ipsius
605 3582 676 3633 non
692 3556 808 3647 civile,
839 3576 879 3631 ut
909 3556 1118 3649 crediderat,
1143 3557 1201 3631 sed
1226 3559 1263 3640 in

286 3673 483 3772 superbiam
510 3675 753 3772 accipiebatur.

337 3796 435 3865 XIV.
462 3796 564 3867 Frurt
582 3796 663 3868 anni
681 3795 877 3886 Geminius,
902 3796 1035 3884 Celsus,
1057 3796 1260 3893 Pompeius,

287 3909 418 4011 equites
444 3914 613 4005 Romani,
655 3915 810 3989 cecidere
835 3914 1078 4011 conjurationis
1105 3914 1261 3988 crimine.

290 4032 350 4116 Ex
367 4032 446 4129 quis
463 4032 645 4107 Geminius
663 4033 880 4133 prodigentia
896 4059 1021 4133 opum,
1049 4059 1090 4107 ac
1118 4032 1263 4115 mollitia
