3259 5284
464 656 788 728 Axunrrunr
822 656 943 728 Lra.
977 657 1005 728 Ι.
1174 657 1220 756 65

243 850 308 898 nus
324 824 453 922 plebei,
471 826 726 924 increpitusque
742 827 792 899 est
809 827 919 900 Asinii
941 825 1035 900 Galli
1051 827 1218 918 oratione,

244 948 361 1018 silente
376 946 533 1035 Tiberio,
552 947 613 1043 qui
630 971 671 1018 ea
687 948 865 1020 fimulacra
893 945 1055 1018 libertatis
1089 945 1220 1018 senatui

243 1067 444 1159 praebebat:
475 1066 584 1138 valuit
616 1087 733 1137 tamen
765 1065 969 1154 intercessio,
1004 1064 1086 1161 quia
1113 1062 1216 1138 divus

242 1183 423 1281 Augustus
456 1191 482 1225 “
497 1184 668 1257 immunes
684 1188 868 1258 verberum
885 1183 1087 1257 histriones’'
1104 1177 1217 1280 quon-

242 1303 325 1372 dam
351 1301 584 1398 responderat,
622 1329 737 1399 neque
777 1303 827 1376 sas
858 1302 1005 1375 Tiberio
1029 1301 1218 1399 infringere

242 1419 334 1492 disla
350 1417 433 1516 ejus.
483 1423 540 1494 De
567 1422 675 1496 modo
708 1421 846 1510 lucaris,
878 1426 910 1494 δι
941 1421 1104 1494 adversus
1122 1419 1216 1495 lasci-

242 1537 335 1610 viam
345 1537 534 1632 sautomm,
552 1543 664 1612 multa
675 1543 931 1625 decernuntur;
956 1565 1002 1611 ex
1020 1539 1097 1636 quls
1115 1565 1215 1612 max-

242 1655 311 1727 ime
333 1656 498 1754 insignia:
532 1659 631 1732 “Ne
654 1661 781 1731 domos
797 1657 1104 1731 Pantomimorum
1121 1655 1216 1730 sena-

244 1782 271 1817 “
288 1796 342 1848 tor
357 1776 510 1850 introiret
526 1807 535 1850 ε
563 1805 607 1851 ne
623 1779 837 1876 egredientes
853 1778 890 1850 in
903 1776 1097 1873 publicum,
1116 1777 1216 1873 equi-

241 1900 269 1938 “
285 1915 337 1968 tes
353 1897 509 1971 Romani
524 1896 726 1994 cingerent:
757 1918 816 1968 aut
826 1879 922 1984 alibi,
945 1895 1051 1991 quam
1068 1895 1105 1966 in
1121 1898 1217 1969 thea-

242 2021 271 2055 “
287 2033 355 2104 tro,
376 2013 632 2112 speslarentur:
662 2017 700 2087 δι
711 2014 939 2112 Γρεᾶαηῑίυιιι
956 2014 1216 2088 immodestiam

240 2139 269 2177 “
286 2135 402 2206 exsrlio
418 2123 589 2207 multandi
606 2134 755 2231 potestas
774 2134 978 2230 praetoribus
995 2136 1130 2207 fieret.''

287 2255 492 2358 LXXVIII.
517 2257 723 2329 Trnrrrunr
751 2275 790 2326 ut
821 2255 854 2326 in
884 2255 1019 2326 colonial
1045 2256 1214 2326 Tarraco-

238 2375 332 2444 nensi
348 2371 533 2446 strueretur
546 2373 722 2470 Augusto,
741 2373 937 2469 petentibus
950 2373 1116 2468 Hispanis
1133 2399 1212 2469 per-

239 2490 403 2576 missum3
433 2492 625 2588 datumque
650 2492 687 2564 in
719 2517 842 2564 omnes
870 2492 1064 2588 provincias
1092 2517 1212 2564 exem*

238 2610 350 2704 plum.
400 2611 630 2684 Centefimam
658 2637 775 2683 rerum
804 2611 983 2684 venalium
1017 2611 1093 2706 post
1121 2613 1214 2684 bella

237 2727 354 2800 civilia
379 2729 567 2802 institutam
598 2731 806 2826 deprecante
837 2731 984 2826 popu10,
1014 2728 1124 2800 edixit
1147 2729 1212 2800 Ti-

237 2847 351 2920 berius
384 2849 569 2921 “militare
586 2847 747 2921 aerarium
765 2873 807 2920 eo
824 2847 971 2920 subsrdio
989 2846 1078 2918 niti:
1111 2849 1211 2920 srrnul

238 2966 455 3062 “imparem
469 2968 565 3039 oneri
578 2967 846 3063 rempublicam,
870 2966 929 3038 nisr
957 2965 1118 3037 vicesnno
1145 2964 1212 3036 mi·

237 3091 265 3125 “
283 3083 363 3157 litiae
379 3111 471 3178 anno
488 3087 639 3158 veterani
651 3085 904 3158 dimitterentur
919 3085 956 3156 :’'
978 3083 1026 3155 ita
1042 3082 1212 3178 proximae

235 3199 408 3276 seditionis
425 3205 515 3276 mal&
532 3203 702 3294 consulta,
726 3204 853 3301 quibus
882 3201 1055 3274 sexdecim
1083 3200 1212 3297 stipen-
1299 3205 1301 3210 ’

235 3320 371 3394 diorum
388 3325 495 3394 finem
512 3325 755 3419 expresserant,
781 3322 910 3396 abolita
927 3322 962 3395 in
982 3321 1169 3419 posterum.

280 3441 453 3515 LXXIX.
484 3447 632 3516 Acron
649 3428 778 3514 deinde
792 3443 830 3514 in
847 3423 963 3514 senatu
979 3444 1023 3514 ab
1042 3439 1208 3512 Arruntio

235 3561 269 3630 ἃ
297 3560 416 3649 Ateio,
438 3585 482 3632 an
513 3564 560 3634 ob
584 3563 811 3634 moderandas
835 3560 975 3634 Tiberis
999 3558 1208 3632 exundatio-

234 3702 295 3750 nes
312 3698 525 3751 verterentur
536 3679 682 3753 flumina
706 3681 744 3750 ἃ
760 3682 868 3770 lacus,
897 3706 957 3778 per
974 3705 1063 3776 quos
1089 3677 1208 3776 auges-

232 3796 291 3868 cit.
357 3797 569 3896 Auditaeque
606 3799 876 3894 municipiorum
913 3805 946 3870 δι
986 3797 1208 3872 coloniarum

229 3915 432 4012 legationeS,
455 3917 630 3990 orantibus
646 3915 866 4008 Florentinis,
899 3924 926 3960 “
944 3941 988 3990 ne
1013 3917 1131 3989 Clanis
1152 3915 1204 3988 so-

233 4040 262 4077 “
278 4033 341 4108 lito
358 4035 458 4109 alveo
482 4035 644 4110 demotus
661 4036 698 4108 in
716 4061 859 4110 amnem
884 4041 1024 4110 Arnum
1045 4033 1206 4110 transser-

740 4156 771 4228 F
