3259 5284
384 618 453 698 174
608 600 1183 675 C.ConnarrrTnc1r1

376 774 504 848 manici
533 773 693 873 suprema
719 779 922 867 defleverat,
954 774 1101 873 pecunid
1133 774 1304 849 donatum
1336 790 1357 847 a

376 891 525 984 Caesare,
565 892 732 992 corripuit
771 897 920 985 delator,
971 891 1162 991 objeeians,
1214 900 1242 937 “
1261 920 1357 993 aegro

377 1010 540 1088 “Druso
566 1014 809 1111 composuisse,
841 1016 952 1113 quod,
984 1018 1007 1088 sr
1039 1013 1226 1086 exstineius
1253 1011 1356 1103 foret,

377 1132 556 1231 “majore
583 1135 729 1232 praemio
756 1136 995 1233 vulgaretur.''
1044 1135 1086 1207 Id
1115 1134 1157 1205 C.
1190 1132 1358 1205 Lutorius

375 1250 415 1324 in
431 1253 541 1325 domo
567 1255 609 1325 P.
630 1254 799 1343 Petronii,
830 1252 929 1327 socru
951 1252 1024 1350 ejus
1052 1254 1191 1327 Vitellia
1224 1265 1356 1343 coram,

377 1371 564 1469 multisque
580 1372 778 1446 inlustribus
792 1372 945 1464 feminis,
973 1398 1034 1470 per
1059 1371 1358 1468 vaniloquentiam

375 1492 518 1589 legerat.
567 1493 621 1564 Ut
637 1492 771 1566 delator
785 1492 931 1582 exstitit,
950 1491 1068 1566 ceteris
1082 1514 1083 1519 ’
1095 1493 1138 1567 ad
1166 1493 1357 1565 dicendum

375 1609 614 1684 testimonium
646 1611 828 1701 exterritis,
869 1608 939 1685 sola
978 1611 1117 1684 Vitellia
1157 1611 1295 1684 “nihil
1324 1610 1358 1685 se

377 1735 406 1772 ‘⁴
426 1730 621 1803 audivisse''
658 1728 895 1817 adseveravit;
937 1730 995 1804 sed
1028 1730 1266 1829 arguentibus,
1311 1732 1357 1804 ad

377 1847 569 1947 perniciem
596 1851 675 1947 plus
708 1851 790 1923 fidei
823 1850 900 1923 suit.
950 1849 1194 1947 sententiaque
1220 1850 1357 1923 Haterii

377 1969 552 2068 Agrippae
570 1968 718 2043 consulis
735 1969 904 2067 defignati
922 1969 1091 2046 indicium
1109 1994 1168 2042 reo
1190 1968 1358 2083 ultimum

375 2086 597 2186 supplicium.

424 2210 472 2281 L.
497 2208 665 2281 Conrnn
690 2210 747 2281 M.
765 2208 924 2305 Lepidus
955 2210 991 2281 in
1020 2211 1113 2283 hunc
1130 2210 1278 2283 modum
1294 2234 1355 2283 ex*

375 2325 469 2399 orsus
484 2325 546 2398 est.
597 2333 624 2368 “
641 2326 690 2416 si,
708 2346 820 2423 patres
838 2326 1033 2425 conscripti,
1059 2354 1171 2403 unum
1196 2330 1233 2401 id
1260 2328 1356 2426 spec·-

378 2454 408 2489 “
425 2466 554 2537 tamus,
578 2447 686 2543 quam
704 2445 831 2520 nefaria
858 2472 945 2520 voce
970 2448 1011 2519 C.
1029 2446 1194 2521 Lutorius
1221 2448 1355 2522 Priscus

378 2572 582 2639 “mentem
613 2565 724 2658 suam,
759 2570 794 2639 δι
828 2592 924 2640 aures
949 2566 1135 2639 hominum
1167 2567 1355 2665 polluerit,

377 2694 539 2785 “neque
560 2712 691 2777 carcer,
721 2712 836 2786 neque
862 2690 1019 2784 laqueus,
1050 2713 1095 2761 ne
1114 2686 1252 2759 seniles
1277 2686 1356 2784 qui·

378 2813 407 2849 “
424 2807 508 2880 dem
524 2807 696 2880 cruciatus
709 2807 745 2879 in
762 2832 843 2880 eum
861 2805 1077 2881 suffecerint:
1109 2810 1157 2879 sm
1173 2805 1305 2903 flagitia
1321 2809 1355 2879 dc

378 2933 406 2970 “
425 2923 578 3000 facinora
594 2930 663 2999 fine
680 2930 789 3000 modo
806 2926 905 3013 sunt3
936 2926 1109 3025 suppliciis
1125 2951 1166 3000 ac
1182 2926 1355 3016 remediis,

378 3051 407 3089 “
424 3045 597 3143 Principis
613 3047 822 3137 moderatio,
851 3044 1094 3145 majorumque
1116 3049 1150 3117 ἃ
1169 3044 1279 3118 vestra
1295 3070 1355 3119 ex·

379 3172 409 3208 “
426 3167 542 3261 ernpla
565 3185 777 3263 temperant:
818 3171 851 3238 dr
875 3192 965 3239 vana
989 3193 1010 3239 a
1037 3164 1196 3254 scelestis,
1223 3164 1316 3239 dieta
1336 3190 1358 3238 a

379 3283 606 3357 “maleficiis
640 3283 827 3357 differunt:
868 3285 917 3357 est
947 3287 1043 3357 locus
1075 3283 1262 3374 sententiae,
1297 3308 1358 3383 per

379 3410 407 3446 “
425 3428 533 3500 quam
554 3425 670 3499 neque
693 3403 776 3476 huic
799 3403 969 3477 delicium
994 3403 1140 3501 impune
1163 3408 1215 3494 srt,
1238 3408 1271 3477 δι
1295 3430 1357 3477 nos

380 3531 408 3567 “
426 3520 621 3596 clementiae
663 3524 762 3594 fimul
797 3548 838 3595 ac
868 3520 1054 3596 severitatis
1082 3550 1153 3596 non
1181 3522 1354 3621 paeniteat.

379 3649 407 3685 “
425 3642 523 3741 Saepe
538 3641 656 3715 audivi
672 3640 874 3738 Principem
890 3641 1048 3714 nostrum
1065 3664 1354 3740 conquerentem,

380 3766 410 3805 “
428 3765 451 3835 fi
469 3763 561 3857 quis,
586 3758 720 3858 sumptd
733 3782 860 3853 morte,
887 3760 1156 3835 misericordiam
1179 3759 1252 3860 ejus
1270 3790 1355 3861 prae·

381 3891 409 3926 “
428 3880 582 3954 venisset.
632 3881 713 3955 Vita
733 3883 776 3954 C.
801 3881 941 3955 Lutorii
971 3881 1007 3953 in
1031 3882 1167 3980 integro
1199 3882 1261 3973 est,
1295 3881 1357 3979 qui

380 4009 409 4047 “
427 4026 540 4101 neque
560 3998 713 4078 servatus
728 4002 764 4075 in
782 4001 976 4101 periculum
992 4002 1207 4105 reipublicae,
1242 4024 1357 4099 neque
