3259 5284
333 578 400 673 158
520 574 1111 657 neonusm'rrcm

328 748 536 821 maluemnt.
596 751 667 823 Hae
695 749 824 847 primo,
848 750 990 825 rudibus
1013 750 1196 825 hominum
1222 748 1296 827 ani-

327 866 407 956 mis,
426 866 597 965 simplices
616 890 723 943 erant.
772 870 1008 969 Maximeque
1033 868 1125 943 sama
1145 872 1296 947 celebra-

325 984 616 1078 vitCretenfiurn,
645 1014 731 1086 quas
754 988 902 1073 Minos;
923 990 1181 1085 Spartanorum,
1210 1016 1297 1088 quas

326 1105 538 1203 Lycurgus3
561 1131 602 1180 ac
620 1132 705 1179 mox
723 1108 987 1181 Atheniensrbus
1005 1107 1209 1204 quaesitiores
1219 1107 1296 1207 jam

327 1228 361 1297 dt
380 1225 494 1321 plures
507 1226 614 1299 Solon
632 1224 829 1325 perscripsit.
858 1226 973 1300 Nobis
985 1228 1174 1317 Romulus,
1198 1247 1237 1301 ut
1255 1228 1296 1301 li-

325 1341 454 1433 bitum,
480 1344 760 1443 irnperitaverat:
782 1346 864 1419 dein
881 1348 1002 1419 Numa
1017 1344 1240 1443 religionibus
1258 1351 1297 1437 sss

323 1458 530 1561 divinojure
540 1466 713 1562 populum
724 1464 903 1538 devinxit:
919 1484 1122 1561 repertaque
1132 1466 1295 1561 quedam

322 1607 345 1654 a
366 1582 476 1656 Tullo
500 1587 534 1655 se
553 1590 676 1657 Anco:
702 1583 762 1656 sed
786 1582 980 1680 praecipuus
1001 1582 1136 1657 Servius
1156 1582 1297 1657 Tullius

324 1698 459 1775 sandor
470 1703 590 1799 legum
602 1700 682 1791 fuit,
694 1704 774 1799 quss
788 1702 891 1775 etiarn
902 1728 998 1799 reges
1009 1703 1297 1799 obtemperarent.

369 1822 522 1894 XXVII.
547 1824 674 1895 Pusso
701 1820 910 1919 Tarquinio,
939 1820 1123 1893 adversum
1157 1840 1297 1917 patrum

321 1938 487 2012 fadtiones
504 1942 616 2013 multa
630 1942 781 2037 populus
797 1938 929 2037 paravit
945 1940 1084 2015 tuendae
1114 1938 1293 2029 libertatis,

319 2061 355 2130 sse
377 2059 558 2133 firmandae
574 2058 794 2133 concordiae:
830 2057 1004 2155 creatique
1028 2056 1232 2147 decemviri,
1261 2060 1296 2129 δι

322 2174 441 2249 accitis
458 2203 537 2275 quae
553 2175 699 2274 usquam
714 2176 871 2275 egregia,
897 2180 1093 2273 compositae
1105 2174 1295 2251 duodecim·

318 2296 462 2384 tabulae,
505 2294 584 2368 finis
615 2296 708 2392 aequi
745 2293 861 2391 juris:
902 2320 984 2367 nans
1020 2292 1143 2369 secutae
1180 2298 1290 2395 leges,

319 2417 379 2487 etsr
418 2414 607 2511 aliquando
639 2414 675 2487 in
707 2415 886 2487 maleficos
916 2438 963 2485 ex
989 2412 1129 2504 desisto,
1170 2414 1296 2513 sapius

318 2550 437 2605 tamen
469 2532 670 2605 dissensione
701 2532 881 2624 ordinum,
928 2537 961 2607 δι
1000 2532 1170 2630 apiscendi
1213 2533 1295 2607 inli-

317 2650 407 2724 citos
439 2653 601 2743 honores,
645 2669 705 2726 aut
721 2652 872 2749 pellendi
900 2652 1009 2726 claros
1033 2650 1139 2742 viros,
1159 2650 1297 2749 alisque

282 2799 289 2815 ·
317 2772 367 2844 ob
394 2796 499 2867 prava
526 2796 589 2868 per
617 2770 691 2845 viru
708 2774 785 2845 latae
800 2770 888 2845 sunt.
938 2770 1038 2847 Hinc
1054 2770 1219 2860 Gracchi,
1251 2775 1288 2843 dr

317 2889 505 2979 Saturnini,
539 2892 733 2964 turbatores
749 2890 884 2989 plebis:
919 2914 984 2963 nec
1001 2888 1115 2963 minor
1133 2886 1289 2987 largitor,

318 3009 462 3083 nomine
477 3008 625 3101 senatus,
649 3008 804 3097 Drusus3
834 3010 982 3107 corrupti
1010 3006 1082 3107 spe,
1108 3028 1167 3081 aut
1195 3006 1293 3081 inlufi

318 3156 382 3228 per
410 3129 682 3203 interceffionenr
713 3127 805 3203 socii.
868 3134 924 3203 Ac
956 3154 1000 3202 ne
1033 3129 1126 3201 bello
1148 3124 1293 3224 quidem

318 3247 453 3337 Italico,
481 3272 567 3321 mox
595 3246 690 3320 civili
715 3238 902 3338 omissum,
925 3248 1011 3345 quin
1038 3248 1149 3319 multa
1177 3250 1211 3317 dt
1237 3244 1292 3317 di-

318 3364 413 3439 versa
443 3363 658 3439 sciscerentur
669 3394 681 3451 ;
709 3367 824 3439 donec
840 3370 888 3439 L.
904 3368 997 3439 Sulla
1013 3365 1174 3454 distator,
1203 3368 1289 3437 abo-

317 3484 400 3572 litis,
441 3483 497 3555 vel
524 3486 697 3555 conversrs
724 3483 910 3579 prioribus,
946 3485 1029 3557 ciun
1061 3487 1160 3582 plura
1192 3482 1290 3555 addi-

320 3601 434 3692 disset,
456 3602 569 3675 otium
600 3599 672 3700 ejus
700 3600 749 3675 rei
776 3602 869 3675 haud
894 3601 930 3674 in
955 3603 1103 3701 longum
1136 3600 1292 3700 paravit3

320 3721 436 3797 statim
457 3720 605 3795 turbidis
624 3720 753 3819 Lepidi
769 3720 1023 3820 rogationibus,
1048 3746 1162 3818 neque
1179 3718 1294 3794 multi)

318 3839 397 3938 post
411 3839 555 3915 tribunis
570 3841 704 3915 reddita
719 3840 868 3932 licentiis,
899 3838 1044 3939 quoqub
1067 3840 1198 3912 vellent
1225 3864 1289 3936 po·

318 3961 441 4058 pultun
453 3960 619 4060 agitandi.
644 3962 797 4059 Jamque
820 3985 890 4034 non
909 3958 1017 4037 modi>
1033 3957 1070 4033 in
1085 3982 1288 4049 commune,
