3259 5284
1257 749 1282 799 v

348 892 430 968 Post
459 893 522 966 hos
554 891 792 992 principatum
821 909 940 968 tenent
968 893 1091 966 Codices
1122 889 1282 984 Vaticani,

302 1015 404 1108 (nam
432 1012 593 1112 Lipfium
610 1014 767 1111 pluribus
783 1013 899 1103 usum,
925 1039 997 1087 non
1020 1037 1107 1103 uno,
1136 1034 1176 1088 ut
1204 1015 1277 1087 col-

302 1131 388 1230 ligas
405 1157 449 1206 ex
478 1158 534 1223 eo,
565 1133 662 1232 quod
679 1131 748 1206 fere
777 1131 959 1204 Vaticanum
990 1131 1126 1204 Codicern
1148 1132 1280 1222 laudat,

299 1269 394 1347 patet
408 1244 454 1324 ex
470 1271 552 1325 nota
567 1253 612 1325 ad
629 1252 770 1352 Dialog.
787 1255 832 1326 de
857 1255 918 1325 Or.
943 1250 1017 1324 init.
1034 1279 1102 1324 nam
1120 1249 1280 1323 Vaticanis

296 1371 419 1460 αόεναὶ,
441 1369 499 1444 sed
517 1396 588 1444 uno
605 1359 732 1461 ex'his,
758 1369 945 1470 antiquiori
960 1370 1035 1460 illo,
1053 1391 1092 1444 ut
1109 1371 1277 1466 appellat,

294 1486 334 1561 in
352 1489 491 1586 primis)
518 1494 552 1563 δι
578 1489 803 1582 Farntfianu53
834 1515 985 1589 quorum
1002 1509 1165 1586 excerpta
1186 1489 1277 1586 Lip-

294 1609 381 1681 srum
397 1608 568 1699 habuisse,
595 1607 704 1706 iisque
720 1608 879 1708 adjutum
907 1611 974 1683 effe
996 1609 1033 1682 in
1058 1608 1278 1683 emendando

296 1724 435 1816 Tacito,
466 1724 542 1800 satis
569 1725 703 1825 exejus
727 1728 979 1804 commentario
1005 1727 1150 1801 constat.
1199 1730 1276 1824 Op·

298 1863 369 1918 tem
387 1871 469 1920 cum
492 1847 644 1922 Grutero
669 1849 733 1944 (ad
760 1847 856 1922 Hist.
872 1848 938 1936 IV,
969 1849 1047 1941 86.)
1076 1863 1115 1919 ut
1140 1845 1277 1942 Lipfio,

296 1964 475 2039 varietates
492 1991 614 2040 omnes
640 1969 767 2040 horum
783 1967 899 2040 Codd.
927 1965 1033 2038 etiam
1061 1963 1146 2040 vitia
1171 1963 1275 2043 libra·
1322 1948 1325 1953 Α

294 2084 438 2176 riorum,
467 2109 666 2182 excerpere,
698 2091 731 2159 δι
750 2085 891 2158 editioni
907 2082 973 2160 suae
989 2079 1179 2182 adjungere
1199 2085 1274 2180 pla-

297 2203 427 2276 cuisset.
455 2204 546 2278 ·Scd
569 2203 606 2276 id
630 2222 832 2301 temporum
860 2201 1006 2276 istorum
1032 2202 1179 2276 rationes
1202 2228 1274 2284 non

293 2318 462 2407 ferebant,
484 2340 522 2394 ut
539 2340 617 2394 ante
634 2321 720 2395 dixi.
757 2323 815 2396 Ne
827 2319 979 2394 formam
995 2320 1141 2418 quidem
1156 2322 1273 2404 Codd.

291 2435 510 2536 scripturam,
540 2459 690 2530 aetatem,
719 2440 755 2512 in
784 2459 837 2512 tot
864 2438 1075 2514 editionibus
1102 2439 1273 2538 prodidit,

293 2559 391 2655 quod
418 2557 542 2632 merito
559 2557 700 2631 miratur
724 2559 799 2652 Jac.
816 2560 976 2632 Gronov.
1001 2557 1047 2631 ad
1064 2563 1160 2634 Aon.
1177 2562 1209 2648 Ι,
1239 2586 1272 2635 1.

292 2674 449 2750 Norifiut
465 2676 501 2749 in
521 2677 674 2774 Epochis
703 2679 905 2773 Syro-Mac.
929 2675 1015 2749 Diff.
1041 2678 1105 2749 Ill.
1133 2704 1169 2775 p.
1191 2681 1271 2771 184.

291 2796 347 2868 cd.
364 2795 460 2892 Lips.
476 2813 542 2869 tres
559 2796 673 2868 Codd.
691 2795 805 2870 Vatic.
823 2815 1092 2886 commemorat,
1116 2796 1271 2893 primum
1408 2829 1416 2834 ·

291 2912 381 2986 inter
408 2914 600 2989 Urbinates
625 2940 660 2990 n.
680 2917 760 3012 585.
787 2912 978 2987 secundum
1008 2918 1041 2986 δι
1070 2914 1208 2988 tertium
1234 2941 1271 2988 n.

296 3035 399 3129 1958.
429 3037 463 3106 δι
482 3057 588 3131 3405.
638 3033 693 3108 Hi
709 3034 782 3106 duo
810 3059 855 3104 an
871 3032 992 3106 diverfi
1010 3035 1074 3105 srot
1097 3033 1271 3112 aduobus

291 3150 554 3241 recentioribus,
573 3178 662 3250 quos
674 3150 973 3226 Montefalconius
994 3153 1270 3245 n.1861.1864.

289 3269 445 3368 adsignat
462 3270 589 3344 nescio.
638 3271 705 3344 Sed
721 3270 890 3344 Broterius
912 3272 957 3343 V.
974 3271 1017 3350 C.
1042 3289 1191 3367 quatuor
1217 3295 1271 3343 re·

288 3389 392 3485 perit,
422 3406 572 3486 quorum
587 3388 839 3486 antiquiffimus
866 3389 939 3466 Sec.
963 3415 1017 3481 14.
1042 3387 1188 3463 extremi
1217 3389 1269 3462 vi·

287 3509 435 3581 deretur.
483 3508 621 3606 Lipsius
648 3507 753 3580 etiam
781 3507 899 3583 laudat
929 3506 1102 3581 interdum
1131 3507 1268 3581 Codicem

288 3626 477 3722 Hispanum,
493 3627 553 3726 qui
565 3625 628 3700 fuit
640 3627 855 3714 Caenonem,
868 3623 949 3720 Jcti
962 3625 1143 3700 clarissimi.
1167 3627 1269 3700 Idem

288 3745 394 3819 etiam
412 3747 628 3821 mentionem
652 3741 733 3818 facit
751 3746 870 3824 Codicis
887 3745 1044 3834 Sarobuci,
1073 3767 1179 3841 quem
1200 3769 1221 3817 a
1236 3742 1269 3820 se

288 3863 485 3942 consultum
497 3863 584 3938 dicit
600 3861 699 3962 super
710 3863 830 3960 aliquo
839 3864 933 3952 loco,
952 3888 1035 3936 cum
1048 3863 1268 3937 Vindobonae

287 3985 385 4072 essct,
400 3987 442 4058 ad
461 3987 514 4058 H.
526 3986 574 4072 11,
590 4009 609 4056 a
615 4010 647 4079 3.
677 3985 842 4055 Ceterum
859 3982 1018 4054 nondum
1032 3979 1214 4079 quisquam
1226 4007 1270 4055 eo

289 4102 336 4174 ad
349 4103 511 4182 Taciturn
522 4103 781 4182 emendandum
793 4100 869 4176 usus
881 4100 948 4180 est:
962 4101 1024 4174 nisa
1035 4126 1119 4184 vero
1134 4100 1184 4174 est
1199 4098 1271 4196 ipsc

750 4245 808 4318 a3
