3259 5284
1255 639 1303 688 vn

322 781 505 880 Ryckium
522 780 553 855 ei
570 780 673 856 nimis
698 781 865 858 tribuiffe.
912 783 1079 856 Ceterum
1105 781 1301 859 observavi·

321 927 415 993 mus,
440 927 521 976 eum
542 901 580 973 in
598 901 837 978 Historiarum
850 901 960 993 libris,
986 901 1170 998 prasertim
1188 903 1300 1000 poste·

323 1020 483 1112 rioribus,
510 1020 595 1095 mire
621 1020 813 1096 consentire
835 1048 918 1096 curn
942 1021 1092 1096 editione
1107 1021 1233 1118 prima,
1263 1041 1304 1100 ut

323 1159 414 1213 notae
431 1140 552 1214 nostrae
569 1143 615 1217 ad
631 1141 707 1215 illos
725 1141 832 1216 libros
848 1143 1036 1216 docebunt.
1087 1143 1143 1215 Eo
1159 1139 1237 1215 ulus
1252 1142 1303 1217 est

323 1259 429 1333 etiam
453 1259 537 1335 Nic.
563 1259 728 1335 Heinsius
755 1261 816 1359 qui
841 1259 913 1358 ejus
937 1261 1101 1335 lectiones
1123 1259 1301 1358 saepilsrme

324 1377 459 1466 adfert3
487 1404 553 1453 nec
570 1405 694 1478 parum
711 1381 743 1454 ei
760 1380 893 1454 tribuit.
909 1462 912 1468 ,

373 1499 473 1573 Idem
500 1498 661 1595 Rycltius
682 1499 786 1573 etiam
808 1499 885 1576 usus
908 1499 957 1573 est
980 1498 1099 1572 Codicis
1124 1499 1304 1594 Partstensts

325 1619 508 1718 excerptis,
542 1645 563 1692 a
586 1621 720 1693 Melch.
741 1618 964 1693 Thevenotio
991 1618 1164 1716 acceptis:
1196 1645 1304 1716 quem

325 1738 386 1812 ille
401 1739 535 1836 Regium
557 1756 683 1813 vocat:
711 1737 822 1814 sedin
839 1737 929 1811 notis
952 1763 1028 1812 raro
1054 1739 1216 1812 lectiones
1233 1737 1305 1838 ejus

325 1877 592 1932 commemorat.
643 1861 762 1955 Atque
788 1855 859 1954 ipse
893 1858 939 1930 de
969 1881 1013 1930 eo
1038 1858 1082 1930 fic
1108 1857 1234 1948 statuit,
1262 1875 1303 1932 ut

327 2001 373 2050 ne
388 2003 470 2051 curn
482 1975 542 2050 suo
555 1975 713 2076 quidem,
732 1979 863 2051 nedum
876 2002 958 2050 cum
973 1975 1187 2066 Florentino,
1204 2001 1304 2052 com·

327 2115 435 2193 paret.
485 2094 603 2194 Hujus
620 2095 763 2169 Codicis
780 2093 1025 2193 lectionesjam
1038 2095 1223 2192 diligenter
1239 2122 1303 2169 no·

324 2236 410 2290 tatas
426 2217 594 2289 habemus
619 2217 664 2290 ab
691 2213 822 2287 editore
846 2213 1016 2288 librorum
1033 2213 1147 2287 Taciti
1170 2239 1304 2310 nupero

325 2334 483 2408 Broterio
499 2337 543 2407 V.
560 2336 602 2408 C.
626 2333 785 2432 quicum
808 2336 1027 2407 chartaceum
1042 2334 1110 2406 else
1126 2333 1243 2423 tradit,
1268 2338 1304 2410 dt

326 2452 389 2526 sub
405 2455 512 2526 finem
529 2451 632 2526 seculi
649 2451 888 2549 quintidecimi
904 2451 1091 2549 scriptumz
1119 2477 1191 2549 quo
1213 2471 1304 2527 tem·

326 2597 413 2670 pore
433 2597 516 2646 cum
534 2570 610 2669 jam
626 2570 709 2644 editi
726 2570 841 2644 Taciti
866 2571 945 2644 libri
968 2573 1074 2644 elsent
1090 2573 1242 2647 Venetiis
1267 2580 1304 2651 &

327 2690 536 2780 Mediolani,
550 2689 641 2763 etali
654 2689 818 2786 exemplo
834 2689 964 2762 sumtus
975 2691 1044 2762 effe
1055 2691 1179 2788 potest.
1211 2693 1305 2769 Illud

325 2835 441 2906 operae
472 2809 624 2908 pretium
652 2808 702 2882 est
729 2833 886 2896 monere,
908 2809 1003 2881 hunc
1025 2810 1195 2886 Codicem
1218 2838 1303 2886 con-

326 2927 426 3002 fundi
454 2953 535 3002 cum
563 2929 709 3002 Budenst
737 2955 759 3002 a
781 2930 816 3021 J.
834 2927 1015 2999 Gronovio
1042 2929 1088 3000 ad
1109 2933 1156 3002 A.
1173 2933 1222 3020 V,
1244 2956 1304 3032 ²3·

328 3048 384 3122 cui
399 3047 589 3121 confufioni
606 3049 723 3121 locum
741 3046 842 3120 dedit
858 3046 1064 3138 Rhenanus,
1088 3047 1150 3148 qui
1165 3049 1305 3125 Buden.

327 3167 399 3242 setn
416 3167 546 3241 librum
562 3165 737 3239 interdurn
756 3167 890 3263 Regium
907 3183 1021 3238 vocat.

375 3285 574 3374 Gronoviis,
603 3287 738 3380 Jacobo
764 3289 798 3358 ἃ
825 3287 1041 3374 Abraham0,
1066 3311 1172 3383 porro
1196 3289 1304 3364 debe·

327 3433 406 3480 mus
433 3423 599 3502 excerpta
618 3405 773 3477 duorum
796 3405 937 3477 Codicum
959 3405 1181 3498 Oxonienstum,
1212 3432 1302 3505 quo.

328 3552 405 3600 rum
422 3527 508 3599 alter
522 3523 672 3621 Collegii
690 3523 875 3598 servatoris
899 3526 932 3618 J.
949 3523 1010 3615 est,
1035 3525 1198 3599 deficiens
1213 3553 1304 3603 non·

327 3643 431 3746 nullis
458 3643 554 3734 locis,
584 3665 622 3716 ut
639 3641 746 3716 didici
769 3670 788 3717 e
813 3642 1020 3718 Montefalc.
1048 3669 1083 3741 p.
1112 3647 1194 3719 668.
1219 3650 1305 3722 alter

327 3764 546 3838 Bibliothecae
570 3763 788 3848 Bodleianae3
826 3762 920 3835 unde
948 3761 1006 3835 ille
1031 3764 1217 3857 Oxoniensts,
1246 3766 1307 3844 hic

327 3883 512 3957 Bodleianus
526 3901 682 3958 vocatur.
720 3881 818 3994 Illius
834 3901 996 3978 excerpta
1012 3880 1057 3954 ad
1074 3882 1204 3957 calcem
1220 3885 1304 3959 utri-

328 4001 435 4104 usque
450 4001 612 4080 editionis
627 4001 859 4076 Gronovianae
882 3999 1112 4099 reperiuntur,
1133 3999 1235 4105 hujus
1257 4006 1304 4089 ¹ad

835 4145 904 4216 ²4
