3259 5284
410 603 451 674 18
598 596 639 669 C.
673 595 1191 668 ConsecrrT‘ncrrr

405 765 608 858 discordare,
643 768 772 866 pessimi
806 765 967 865 cujusque
993 765 1205 840 sermonibus
1234 771 1383 865 praebere

405 911 516 977 aures,
535 887 685 985 denique
703 889 827 960 luxum
840 892 873 960 ἃ
886 885 996 959 otium
1013 912 1150 982 cupere,
1169 886 1382 985 disciplinam

408 1011 440 1078 δι
476 1008 629 1080 laborem
657 1005 834 1104 aspernari.
871 1009 952 1079 Erat
977 1007 1013 1078 in
1038 1006 1150 1078 castris
1178 1008 1383 1083 Percennius

407 1127 566 1224 quidam,
601 1129 674 1200 dux
707 1126 792 1200 olim
825 1125 1042 1198 theatralium
1076 1145 1285 1222 operarum,¹
1304 1127 1385 1198 dein

409 1246 582 1346 gregarius
598 1247 711 1336 miles,
746 1273 874 1344 procax
890 1247 1022 1344 lingula,
1053 1249 1087 1318 δι
1104 1243 1242 1318 miscere
1274 1265 1383 1318 coetus

407 1365 591 1438 histrionali
618 1365 730 1438 studio
758 1367 892 1438 dodus.
918 1368 951 1438 Is
976 1363 1151 1462 imperitos
1167 1364 1313 1454 animos,
1348 1369 1382 1438 δι

408 1511 570 1582 quaenam
588 1484 661 1582 post
675 1485 873 1582 Augustum
889 1484 1017 1556 militiae
1034 1483 1186 1557 conditio
1202 1484 1382 1581 ambigen-

406 1623 470 1694 tes,
506 1604 682 1700 impellere
699 1604 875 1699 paullatim
903 1602 1076 1676 noslumis
1101 1601 1306 1699 conloquiis,
1325 1622 1382 1674 aut

407 1725 502 1796 flexo
519 1724 554 1796 in
582 1721 756 1820 vesperam
773 1722 844 1813 die,
876 1727 908 1794 δι
926 1722 1061 1818 dilapsis
1077 1721 1287 1810 melioribus,
1321 1721 1382 1793 de-

406 1843 583 1914 tenimum
601 1867 775 1940 quemque
792 1867 1013 1939 congregare.
1030 1840 1218 1930 Postremo,
1242 1866 1381 1938 promp-

406 1961 448 2032 tis
459 1958 534 2057 jam
552 1965 586 2032 &
615 1959 687 2032 aliis
704 1958 876 2033 seditionis
897 1959 1067 2050 ministris,
1085 1961 1181 2034 velut
1200 1960 1381 2033 conciona-

406 2080 546 2153 bundus
566 2077 817 2177 interrogabat:

456 2198 571 2271 XVII.
598 2205 625 2240 “
644 2199 727 2296 Cute
759 2223 899 2272 snums
925 2199 1193 2289 centurionibus,
1216 2197 1382 2295 pauciori-

410 2318 521 2389 “bus
549 2315 706 2406 tribunis,
742 2317 777 2388 in
807 2320 953 2391 modum
977 2317 1151 2392 servorum
1175 2317 1380 2390 obedirent?

410 2437 598 2533 “quando
619 2433 754 2506 ausuros
780 2435 962 2533 exposcere
984 2438 1147 2528 remedia,
1168 2437 1227 2509 nisr
1250 2462 1383 2508 novum

410 2560 438 2596 “
457 2557 491 2626 dc
509 2573 686 2626 nutantem
700 2555 812 2626 adhuc
825 2555 1020 2651 Principem
1032 2555 1201 2652 precibus,
1212 2557 1269 2627 vel
1281 2554 1382 2626 armis

409 2679 438 2716 “
456 2669 692 2746 adirentisatis
699 2697 757 2767 per
764 2692 814 2743 tot
822 2699 928 2746 annos
939 2673 1075 2772 ignavis
1086 2695 1280 2770 peccatum,
1288 2673 1383 2770 qubd

409 2799 437 2835 “
456 2791 582 2866 tricena
592 2812 649 2866 aut
662 2793 883 2889 quadragena
890 2793 1056 2890 stipendia
1066 2792 1172 2883 senes,
1186 2792 1383 2890 &plerique

409 2918 613 2984 “truncato
645 2937 690 2983 cx
721 2911 919 2984 vulneribus
952 2937 1107 3008 corpore,
1139 2913 1303 2984 tolerent:
1338 2936 1383 2983 ne

410 3036 439 3071 “
455 3029 595 3102 dimissis
629 3029 770 3127 quidem
803 3031 910 3102 finem
943 3033 1008 3103 esse
1040 3031 1182 3120 militiae,
1215 3028 1272 3102 sod
1290 3031 1383 3126 apud

409 3156 438 3192 “
456 3150 624 3221 vexilltun
656 3167 817 3236 retentos,
851 3149 918 3220 alio
950 3151 1135 3238 vocabulo,
1169 3147 1307 3222 eosdem
1334 3149 1382 3220 la-

310 3275 313 3283 “
411 3269 555 3340 “bores
573 3265 726 3363 perserre.
762 3272 816 3338 Ac
834 3271 855 3338 sr
874 3267 950 3364 quis
975 3287 1026 3339 tot
1042 3267 1136 3341 casus
1165 3269 1235 3340 vird
1250 3265 1382 3364 supera-

411 3393 439 3429 “
457 3383 564 3469 verit3
590 3385 676 3456 trahi
693 3385 806 3457 adhuc
823 3384 968 3458 diversas
984 3386 1019 3458 in
1035 3407 1150 3478 terras,
1167 3386 1228 3459 ubi
1244 3411 1305 3483 per
1320 3412 1383 3458 no·

410 3511 538 3576 “men
583 3529 759 3602 agrorum,
788 3505 935 3603 uligines
969 3507 1150 3603 paludum,
1183 3507 1240 3577 vel
1273 3505 1382 3577 incul-

410 3629 438 3664 “
455 3641 490 3694 ta
522 3623 694 3696 montium
722 3623 902 3720 accipiant.
936 3624 1125 3698 Enimvero
1149 3623 1308 3697 militiam
1329 3625 1381 3720 ip-

410 3749 438 3784 “
456 3739 527 3814 sam
545 3767 701 3839 gravem,
732 3741 974 3816 instuduosam
990 3773 998 3815 ε
1017 3743 1114 3816 denis
1141 3743 1176 3816 in
1208 3742 1302 3816 diem
1334 3741 1383 3815 as-

412 3866 441 3902 “
460 3863 547 3933 sibus
564 3861 716 3934 animam
734 3866 768 3935 δι
785 3889 909 3960 corpus
937 3863 1113 3936 aestimari:
1134 3865 1214 3937 hinc
1238 3863 1382 3953 vestem,

412 3985 440 4032 ‘⁴
458 4005 565 4072 arma,
595 3980 762 4068 tentoria;
781 3982 863 4058 hinc
888 3980 1051 4056 saevitiam
1079 3983 1330 4077 centurionum,
1350 3987 1383 4058 δι
