3259 5284
455 658 789 733 Anuarrou
819 655 941 729 Lrn.
974 650 1038 728 ΙΙΙ.
1196 670 1261 749 173

283 825 481 906 Decrevere
508 853 619 931 patres
642 850 725 905 vota
746 856 811 929 pro
834 830 946 903 reditu
968 827 1053 925 ejus,
1091 824 1263 923 supplica-

282 951 475 1050 tionesque,
499 952 623 1025 &alia
648 952 785 1024 decora
846 951 947 1023 Solus
967 947 1152 1021 Dolabella
1176 948 1266 1020 Cor-¹

282 1072 394 1145 nelins
431 1074 518 1145 dum
552 1069 682 1144 anteire
714 1091 848 1143 ceteros
874 1086 984 1165 parat,
1014 1063 1199 1139 absurdam
1227 1067 1264 1139 in

274 1192 517 1265 ¹adulationem
551 1192 760 1289 progressus,
794 1187 937 1277 censuit,
983 1192 1069 1257 “ut
1104 1212 1213 1259 ovans
1245 1212 1265 1260 e

284 1318 313 1353 “
330 1309 524 1407 Campanis
539 1312 680 1383 Urbem
697 1307 888 1381 introiret.''
918 1305 1030 1405 Igitur
1046 1303 1169 1379 secutae
1185 1307 1264 1379 Cae-

280 1430 360 1504 saris
377 1432 497 1520 literae,
517 1431 646 1527 quibus
676 1436 704 1471 “
721 1427 755 1500 se
772 1453 844 1499 non
861 1447 934 1499 tam
952 1450 1103 1499 vacuum
1123 1424 1264 1521 'gloril''

283 1550 510 1648 praedicabat,
545 1555 572 1591 “
586 1569 624 1621 ut
653 1547 729 1644 post
749 1546 967 1619 ferocissrmas
993 1562 1113 1641 gentes
1138 1544 1264 1639 perdo·

283 1678 311 1713 “
330 1669 447 1758 mitas,
465 1687 517 1742 tot
534 1687 690 1763 receptos
716 1664 752 1737 in
769 1664 930 1760 juventfi,
958 1682 1018 1735 aut
1046 1660 1175 1758 spretos
1202 1663 1263 1736 tri-

281 1795 310 1831 “
327 1790 493 1885 umphos‚
510 1784 586 1884 jam
608 1783 718 1856 senior
743 1781 1024 1881 peregrinationis
1056 1779 1261 1856 suburbanae

284 1914 313 1947 “
332 1906 434 1977 inane
452 1904 636 2001 praemium
660 1904 824 1999 peteret.”

331 2024 501 2097 XLVlll.
527 2025 601 2096 Sua
619 2022 714 2095 idem
732 2042 886 2118 tempus,
918 2030 997 2095 “ut
1015 2046 1108 2095 mors
1120 2022 1263 2121 Sulpicii

283 2151 310 2186 “
368 2142 479 2215 uirinii
496 2141 646 2239 publicis
673 2138 842 2238 exsequiis
866 2139 1180 2239 frequentaretur,''
1201 2168 1262 2240 pe-

280 2262 359 2335 tivit
374 2286 396 2334 a
411 2259 539 2334 senatu.
590 2260 690 2333 Nihil
707 2262 754 2333 ad
769 2279 925 2365 veterem
939 2266 973 2333 &
992 2260 1169 2358 patriciam
1186 2264 1262 2335 Sul-

280 2382 451 2480 piciorum
466 2379 636 2453 familiam
651 2378 831 2479 Quirinius
850 2380 1028 2477 pertinuit,
1052 2400 1146 2454 ortus
1167 2382 1263 2479 apud

280 2500 511 2599 municipium
529 2500 761 2573 Lanuvium:
788 2499 848 2573 sed
872 2500 1025 2599 impiger
1049 2501 1196 2593 militia,
1227 2508 1262 2577 bc

278 2623 415 2697 acribus
432 2618 641 2711 ministeriis,
659 2618 876 2693 consulatum
893 2620 1051 2693 subdivo
1069 2621 1233 2718 Augusto
1249 2650 1260 2707 ;

279 2766 365 2815 mox
396 2739 605 2837 expugnatis
644 2764 706 2833 per
741 2739 900 2811 Ciliciam
930 2740 1261 2812 Homonadensrum

278 2858 424 2934 castellis
455 2856 600 2954 insignia
615 2856 786 2953 triumphi
803 2858 966 2953 adeptus,
990 2856 1159 2955 datusque
1187 2884 1261 2933 rec-

277 3000 334 3053 tor
377 2980 420 3051 C.
448 2975 572 3049 Caesari
606 2976 814 3048 Armeniam
852 2975 1036 3064 obtinenti,
1074 2975 1261 3052 Tiberium

279 3120 423 3197 quoque
446 3094 567 3169 Rhodi
588 3116 754 3193 agentem
770 3097 922 3167 coluerat
942 3122 951 3165 ε
983 3096 1081 3191 quod
1097 3117 1181 3171 tunc
1200 3124 1261 3195 pa·

188 3281 192 3287 .
277 3216 394 3291 tefecit
415 3217 451 3290 in
474 3214 620 3288 senatu:
647 3214 794 3287 laudatis
821 3214 857 3287 in
882 3212 916 3286 se
944 3214 1078 3305 officiis,
1104 3218 1138 3289 δι
1162 3215 1260 3291 incu-

277 3334 350 3411 sato
379 3343 409 3379 “
427 3339 485 3411 M.
515 3333 677 3423 Lollio‚''
700 3358 809 3431 quem
835 3342 863 3376 “
875 3336 1055 3408 austorem
1072 3336 1114 3407 C.
1133 3336 1259 3411 Caesari

276 3456 503 3555 “pravitatis
527 3459 561 3526 δι
589 3452 867 3528 discordiarum’'
895 3458 1086 3554 arguebat:
1118 3454 1175 3529 sed
1202 3482 1259 3531 ce-

276 3577 358 3649 teris
374 3577 469 3649 haud
484 3577 561 3648 laeta
580 3575 749 3648 memoria
765 3576 915 3674 Qririnii
932 3598 1017 3665 erat,
1042 3579 1090 3649 ob
1113 3574 1257 3668 intenta,

276 3716 315 3768 ut
342 3695 552 3784 memoravi,
578 3694 726 3791 Lepidae
754 3695 923 3793 pericula,
946 3692 1195 3794 sordidamque
1225 3704 1258 3773 δι

278 3800 531 3911 praepotentem
555 3813 739 3888 senesiam.

326 3935 464 4008 XLIX.
489 3934 592 4005 Fine
605 3934 687 4008 anni
705 3936 748 4008 C.
767 3935 958 4009 Lutorium
975 3936 1144 4027 Priscum,
1161 3938 1258 4035 equi-

276 4072 348 4129 tem
367 4058 589 4144 Romanum,
616 4054 693 4151 post
721 4057 858 4131 celebre
887 4082 1042 4148 carmen,
1071 4082 1144 4154 quo
1169 4062 1256 4131 Ger-
