3259 5284
335 554 406 628 216
529 551 1136 625 C.Connnr11TAc1rr

333 721 486 822 impetus
507 725 701 800 offensionis
729 729 924 825 languerat,
945 707 1118 799 ¹memoria
1146 726 1308 800 valebatt

334 843 495 917 Pisonem
505 845 719 942 QGranius
735 844 855 919 secreti
870 843 1034 918 sermonis
1051 837 1232 936 incusavit,
1250 847 1313 919 ad-

333 965 475 1038 versum
491 963 702 1061 majestatem
719 965 853 1038 habiti:
880 961 1078 1061 adjecitque
1100 971 1129 1006 “
1146 964 1184 1036 in
1201 965 1313 1037 domo
1370 1055 1373 1062 Ι

335 1089 363 1140 ‘-‘
383 1081 454 1181 ejus
477 1107 653 1157 venenum
680 1085 761 1174 effe,
787 1103 939 1180 eumque
968 1083 1087 1182 gladio
1114 1081 1313 1157 accintium
1339 1100 1341 1103 ’

336 1207 365 1244 “
383 1202 521 1274 introire
539 1201 708 1274 curiam.''
757 1204 880 1299 Quod,
905 1222 946 1274 ut
961 1201 1109 1275 atrocius
1126 1227 1223 1292 vero,
1241 1221 1311 1275 tra-

334 1319 498 1393 miffum:
535 1341 743 1410 ceterorum,
772 1347 858 1418 'quae
887 1322 998 1394 multa
1030 1323 1314 1412 cumulabantur,

334 1459 493 1535 receptus
522 1439 578 1536 est¹
603 1464 703 1525 reus3
744 1464 859 1536 neque
888 1442 1058 1537 peracius,
1090 1441 1139 1514 ob
1157 1458 1312 1511 mortem

334 1577 579 1656 opportunam.
631 1559 799 1631 Relatum
829 1563 863 1630 &
893 1559 939 1630 de
963 1558 1074 1632 Caffio
1101 1559 1228 1631 Severo
1249 1581 1311 1630 ex·
1369 1554 1372 1558 ⁴

334 1677 420 1768 sule,
448 1677 508 1775 qui
527 1673 670 1750 sordidae
697 1676 855 1774 originis,
881 1678 1048 1749 maleficae
1074 1675 1171 1766 vitae,
1196 1674 1256 1748 sed
1272 1701 1312 1748 o-

334 1794 433 1869 randi
452 1795 603 1885 validus,
622 1819 683 1891 per
701 1794 911 1868 immodicas
934 1793 1147 1882 inimicitias,
1164 1812 1205 1865 ut
1216 1791 1313 1889 judi·
1424 1827 1429 1834 ·

334 1915 392 1990 cio
414 1913 522 2011 jurati
545 1913 678 1987 senatus
698 1914 839 1987 Cretam
866 1932 1101 2001 amoveretur,
1127 1912 1311 1984 effecerat:

333 2054 440 2131 atque
473 2032 543 2105 illic
570 2034 694 2106 eadem
716 2032 906 2123 actitando,
941 2031 1092 2106 recentia
1126 2049 1315 2128 veteraque

334 2153 417 2242 odia
447 2151 617 2226 advertit:
656 2150 823 2249 bonisque
853 2172 993 2241 exutus,
1024 2148 1209 2224 interdicto
1237 2148 1313 2247 igni

335 2291 440 2370 atque
460 2272 563 2368 aqua,
588 2265 670 2342 saxo
696 2269 851 2366 Seriphio
878 2267 1069 2344 consenuit.

384 2391 506 2463 XXII.
537 2391 618 2462 Ρη
653 2388 747 2460 idem
779 2409 918 2485 tempus
950 2388 1105 2461 Plautius
1137 2387 1310 2475 Silvanus,

338 2527 480 2608 praetor,
509 2507 648 2580 incertis
678 2510 782 2581 causis
821 2507 1018 2604 Aproniam
1053 2505 1244 2604 conjugem
1275 2506 1312 2576 in

229 2713 232 2722 Ι
336 2650 491 2726 praeceps
511 2624 620 2724 jecit3
647 2623 842 2724 tractusque
866 2628 912 2699 ad
932 2624 1103 2700 Caesarem
1131 2628 1177 2699 ab
1194 2627 1241 2698 L.
1260 2630 1320 2705 Α-,

338 2746 610 2844 proniosocero,
630 2747 767 2820 turbati
785 2765 904 2819 mente
920 2744 1110 2843 respondit,
1128 2763 1313 2840 tamquam

338 2872 367 2908 “
384 2863 455 2962 ipse
471 2863 595 2936 somno
613 2863 754 2962 gravis,
780 2885 886 2964 atque
914 2864 956 2938 eo
982 2864 1139 2962 ignarus,
1167 2867 1201 2936 &
1222 2889 1315 2935 uxor

338 2987 508 3081 “sponte
537 3003 689 3057 mortem
715 2982 942 3080 sumpfiffet.''
991 2987 1078 3056 Non
1111 2984 1315 3056 cunctanter

335 3103 499 3178 Tiberius
526 3103 638 3200 pergit
666 3103 703 3176 in
724 3104 888 3193 domum,
913 3102 990 3175 vifit
1017 3101 1248 3186 cubiculum;
1274 3101 1313 3173 in

336 3249 407 3320 quo
425 3223 619 3295 reluctantis
646 3227 680 3295 &
710 3221 866 3318 impulsae
895 3220 1040 3318 vestigia
1067 3223 1311 3294 cernebantur.

335 3341 459 3416 Refert
487 3341 532 3412 ad
560 3339 728 3431 senatum,
755 3338 912 3438 datisque
936 3338 1129 3441 judicibus,
1157 3341 1314 3438 Urgula-

333 3460 405 3550 nia,
430 3459 560 3532 Silvani
577 3459 668 3549 avia,
695 3459 889 3557 pugionem
911 3459 1032 3556 nepoti
1048 3459 1150 3531 mifit.
1202 3459 1314 3554 Qrod

336 3580 481 3679 perinde
497 3578 685 3669 creditum,
700 3582 793 3676 quasr
805 3577 976 3676 Principis
992 3579 1144 3668 monitu,
1157 3580 1206 3650 ob
1222 3578 1312 3650 ami-

334 3699 451 3773 citiam
475 3697 644 3794 Augustae
672 3723 755 3771 cum
789 3697 997 3797 Urgulania.
1050 3701 1164 3788 Reus,
1190 3698 1312 3772 fmstra

334 3835 465 3891 tentato
492 3816 595 3906 ferr0‚
622 3842 729 3890 venas
752 3817 900 3914 praebuit
927 3815 1164 3890 exsolvendas.
1214 3821 1311 3891 Mox

333 3934 567 4028 Numantina,
594 3935 692 4036 prior
718 3923 807 4012 uxor
829 3935 914 4037 ejus,
940 3935 1098 4012 accusata
1116 3944 1143 3981 “
1160 3934 1312 4037 injeciffe
