3259 5284
435 631 741 701 Annnttunt
773 626 888 698 L1n.
921 623 983 697 IV.
1164 644 1233 721 255

265 829 384 881 tamen
417 807 641 881 dubitabatur
668 804 705 875 in
729 807 912 878 Neronem
937 806 971 876 δι
1000 800 1237 899 Agrippinam

265 926 410 1001 intendi.

313 1048 452 1120 LXXI.
477 1025 531 1118 Νι
552 1068 646 1117 ntur
666 1042 873 1116 destinatum
889 1040 990 1132 foret,
1015 1037 1115 1115 suum
1139 1065 1236 1137 quae-

264 1191 337 1264 que
354 1166 389 1238 in
406 1190 536 1237 annum
554 1161 692 1253 referre,
716 1164 841 1237 avebat
856 1161 994 1235 animus
1010 1160 1153 1248 anteire,
1172 1160 1237 1233 sta·

265 1287 400 1384 timque
412 1308 605 1359 memorare
621 1282 748 1371 exitus,
767 1306 854 1379 quos
872 1278 1030 1353 Latinius
1042 1300 1145 1375 atque
1160 1282 1237 1376 Op·

265 1410 344 1495 slus,
373 1404 547 1500 ceterique
577 1400 700 1500 flagitii
740 1398 811 1497 ejus
847 1418 1037 1496 repertores
1072 1400 1236 1486 habuere,

265 1551 336 1598 non
364 1522 472 1597 modo
501 1521 686 1619 postquam
702 1521 744 1593 C.
761 1518 875 1593 Caesar
891 1543 1007 1591 rerum
1025 1516 1153 1613 potitus
1174 1518 1235 1607 est,

265 1644 324 1717 sed
363 1641 529 1716 incolumi
552 1639 720 1713 Tiberio:
768 1638 829 1735 qui
858 1637 1025 1710 scelerum
1052 1635 1237 1725 ministros,

265 1782 305 1833 ut
324 1759 469 1857 perverti
495 1760 540 1832 ab
568 1758 642 1833 aliis
658 1760 812 1846 nolebat,
833 1757 880 1830 ita
908 1758 1115 1854 plerumque
1140 1754 1237 1830 satia-

265 1901 333 1970 tus,
363 1884 395 1953 &
414 1878 537 1952 oblatis
552 1878 588 1949 in
606 1879 765 1950 eamdem
782 1902 925 1973 operam
941 1874 1149 1965 recentibus,
1176 1900 1238 1948 ve·

262 2018 351 2071 teres
370 2002 402 2070 δι
421 2022 614 2099 praegraves
629 1996 790 2070 adflixit:
818 1996 940 2068 verbm
957 1997 1017 2067 has
1037 2015 1141 2091 atque
1156 1994 1238 2068 alias

264 2116 416 2190 sontium
435 2142 569 2213 poenas,
598 2116 634 2187 in
650 2137 806 2213 tempore
822 2114 1008 2187 trademus.
1043 2114 1140 2186 Tum
1157 2139 1237 2187 cen·

264 2234 329 2309 suit
360 2235 499 2309 Asinius
536 2236 672 2325 Gallus,
705 2231 801 2331 cujus
826 2234 1013 2307 liberorum
1038 2232 1238 2331 Agrippina

263 2374 447 2431 matertera
471 2372 555 2445 erat,
582 2355 812 2451 “petendum
831 2380 853 2425 a
876 2353 1050 2450 Principe,
1068 2374 1106 2427 ut
1122 2374 1237 2427 metus

264 2482 294 2518 “
312 2473 386 2548 suos
434 2474 564 2547 senatui
603 2472 776 2562 fateretur,
816 2475 1040 2569 amoverique
1079 2475 1238 2547 fineret.''

264 2595 414 2667 Nullam
436 2593 535 2689 aequi=
559 2591 736 2679 Tiberius,
763 2611 802 2665 ut
824 2594 974 2681 rebatur,
993 2618 1038 2665 ex
1053 2592 1237 2666 virtutibus

263 2710 344 2801 suis,
370 2712 477 2807 quam
495 2710 797 2783 dissimulationem
822 2710 1017 2808 diligebat:
1044 2710 1087 2783 eb
1111 2714 1237 2810 agrius

264 2830 414 2926 accepit,
445 2828 576 2902 recludi
609 2855 688 2925 quae
727 2851 923 2926 premeret:
971 2827 1029 2901 sed
1061 2831 1240 2929 mitigavit

264 2946 418 3047 Sejanus,
445 2972 516 3021 non
534 2946 625 3020 Galli
642 2972 773 3037 amore,
802 2949 924 3021 verbm
942 2968 981 3020 ut
1002 2950 1238 3023 cunRationes

263 3066 432 3164 Principis
450 3066 685 3164 aperirentur:
714 3094 841 3164 gnatus
861 3068 996 3139 lentum
1011 3067 1049 3139 in
1064 3068 1235 3141 meditan-

262 3190 336 3273 d0;
363 3186 423 3261 ubi
448 3186 668 3284 prorupiffet,
689 3186 840 3259 tristibus
868 3185 966 3259 dietis
990 3186 1120 3259 atrocia
1146 3186 1236 3262 satta

262 3304 485 3405 conjungere.
548 3308 614 3379 Per
646 3306 740 3379 idem
774 3326 912 3401 tempus
949 3306 1043 3400 Julia
1084 3327 1235 3382 mortem

259 3426 363 3515 obiit,
398 3452 504 3523 quam
530 3446 672 3522 neptem
700 3424 893 3523 Augustus,
922 3423 1119 3497 comitiam
1135 3428 1235 3500 adul·

261 3540 351 3636 terii,
379 3545 620 3635 damnaverat,
647 3542 903 3641 projeceratque
931 3544 968 3615 in
994 3540 1139 3616 insulam
1155 3545 1235 3618 Tri·

261 3686 410 3755 metum,
439 3666 532 3738 haud
562 3667 684 3762 procul
712 3663 840 3760 Apulis
864 3662 1031 3735 litoribus.
1081 3662 1157 3736 Illic
1182 3664 1234 3737 vi-

261 3782 350 3880 ginti
377 3784 473 3856 annis
491 3782 647 3857 exsilium
665 3782 840 3872 toleravit,
875 3781 1044 3879 Auguste
1069 3806 1136 3879 ope
1167 3782 1235 3857 sus-

262 3922 418 3974 tentata:
441 3928 518 3999 quae
540 3906 703 3976 florentes
721 3902 900 3999 privignos
916 3902 998 3975 ciam
1030 3925 1092 3999 per
1117 3904 1233 3975 occul·
