3259 5284
383 559 444 638 xiv

380 731 466 826 pho,
499 731 594 805 unde
615 730 639 804 ii
656 755 794 822 venere,
823 731 939 826 fuerit,
969 730 1198 812 inveniamus.
1248 737 1358 814 Hanc
1421 785 1428 792 -

379 853 474 925 tertio
505 852 655 925 cauffam
682 855 750 926 effe
781 851 963 951 paucitatis
1003 855 1190 931 led‘tionum
1221 859 1357 932 varian-

380 969 482 1062 tium,
521 990 626 1070 atque
659 972 782 1045 tandem
815 974 1091 1070 corruptelarum
1132 980 1167 1049 δι
1208 981 1358 1053 mendo-

379 1115 476 1180 rum,
504 1089 539 1163 in
556 1089 681 1164 Tacito
698 1091 927 1190 reliquorum,
959 1093 997 1166 in
1024 1092 1149 1190 quibus
1176 1091 1299 1170 frustra
1324 1098 1361 1172 se

380 1231 560 1284 exerceant
588 1209 728 1308 ingenia
744 1211 901 1286 virorum
924 1212 1208 1287 dodiffimorum.
1258 1215 1360 1292 Hinc

380 1353 484 1425 porro
512 1327 641 1402 discent
662 1328 809 1428 juvenes
836 1331 975 1406 studiosi
1004 1333 1179 1406 literarum
1212 1338 1246 1407 ἃ
1279 1336 1360 1410 artis

379 1447 521 1539 criticae,
561 1446 692 1545 (cujus,
726 1477 794 1550 ego
827 1450 1019 1524 identidem
1047 1477 1174 1526 moneo
1192 1449 1358 1548 juvenes,

309 1626 312 1632 ⁷
379 1568 557 1642 neminem
576 1571 677 1666 plane
690 1568 891 1666 imperitum
906 1571 973 1643 effe
989 1572 1129 1661 debere,
1160 1570 1270 1670 quise
1287 1598 1358 1646 non

379 1683 524 1762 subinde
539 1687 684 1785 turpiter
698 1689 793 1777 dare,
809 1693 855 1762 ·&
880 1686 984 1762 risum
999 1689 1137 1764 Criticae
1158 1690 1207 1764 rei
1228 1691 1359 1788 peritis,

378 1823 439 1880 aut
453 1806 560 1880 bilem
578 1832 719 1881 movere
731 1807 834 1903 velit)
857 1807 988 1882 discent
1001 1807 1110 1906 igitur
1125 1809 1222 1900 hinc,
1240 1813 1358 1906 primo,

381 1951 467 2000 curn
483 1927 529 2000 de
546 1925 642 2000 libris
659 1923 791 2024 scriptis
806 1946 944 2026 agatur,
970 1952 1042 2001 non
1066 1948 1137 2000 tam
1165 1928 1361 2004 videndum

382 2047 462 2134 effe,
493 2069 600 2143 quam
624 2047 751 2118 multos
777 2072 924 2120 numero
951 2049 1152 2135 habeamus,
1176 2045 1234 2120 sed
1251 2075 1361 2145 quarn

381 2165 525 2255 multos,
555 2163 616 2262 qui
631 2167 728 2238 velut
746 2163 805 2262 jus
832 2164 1005 2240 sententiae
1022 2165 1178 2239 dicendae
1194 2167 1360 2258 habeant,

381 2308 464 2359 cum
480 2284 526 2358 de
542 2284 697 2358 lediionis
719 2283 863 2383 alicujus
877 2284 1020 2359 veritate
1037 2304 1220 2382 quaeratur.
1262 2288 1360 2362 Nam

381 2405 406 2476 st
434 2422 473 2476 tu
497 2423 639 2477 centum
669 2403 820 2477 Codices
849 2402 1000 2501 ejusdem
1029 2403 1108 2477 libri
1132 2407 1271 2498 habeas,
1301 2433 1362 2480 eos

380 2541 498 2598 autem
526 2521 671 2613 constet,
715 2547 760 2596 ex
787 2549 859 2596 uno
887 2525 1093 2620 apographo
1125 2524 1248 2596 duetos
1276 2526 1359 2616 effe,

382 2668 454 2716 non
479 2641 541 2715 nisi
557 2640 659 2715 unius
687 2640 768 2716 libri
778 2639 836 2739 jus
854 2647 887 2716 δι
916 2642 990 2716 vim
1008 2643 1186 2737 obtineant
1202 2643 1361 2718 univerfi.

381 2765 465 2858 Jam
483 2785 599 2858 porro,
617 2785 734 2834 nonne
752 2781 894 2858 apparet
912 2763 980 2836 hoc
1004 2765 1184 2859 exemplo,
1208 2761 1246 2835 id
1263 2765 1362 2859 quod

382 2883 491 2958 fidem
514 2879 682 2954 excedere
702 2879 876 2971 videatur,
902 2907 1027 2954 manus
1048 2879 1207 2979 quamvis
1235 2883 1361 2954 multas

382 3027 456 3074 non
482 3002 592 3073 modo
613 2998 803 3096 saepiffime,
834 3004 869 3073 δι
891 3019 979 3089 tot0,
1010 3001 1107 3097 quod
1127 3000 1237 3090 aiunt,
1269 3001 1361 3074 coelo

383 3120 555 3194 diffentire
571 3118 607 3191 in
623 3117 801 3214 scriptura,
824 3117 928 3190 etiam
953 3143 1032 3213 quae
1061 3143 1106 3191 ex
1123 3119 1249 3192 eodem
1265 3117 1362 3192 fonte

381 3239 489 3312 duaa
505 3241 558 3328 fit,
576 3235 632 3310 sed
651 3235 754 3310 etiam
771 3236 866 3332 posse
889 3261 931 3308 ac
958 3233 1067 3308 solere
1090 3235 1126 3308 in
1151 3237 1278 3310 eodem
1305 3261 1359 3310 er·

382 3382 457 3430 rore
472 3355 559 3452 saepe
580 3354 715 3428 summa
738 3354 939 3445 concordia,
965 3357 1059 3452 quafi
1087 3381 1132 3428 ex
1161 3358 1361 3453 compadto,

383 3474 599 3551 consentire?
626 3474 773 3572 Denique
799 3475 976 3546 luculento
1003 3475 1168 3571 exemplo
1194 3473 1356 3573 intelligi·

383 3617 452 3684 tur,
470 3619 576 3691 quam
605 3596 644 3668 fit
667 3619 738 3666 non
764 3593 873 3666 modo
897 3591 981 3665 utile
1006 3592 1051 3665 ad
1069 3592 1254 3689 puritatem
1270 3593 1360 3667 inte-

386 3713 616 3813 gritatemque
633 3711 837 3808 scriptomm
855 3733 1025 3802 veterum,
1043 3710 1102 3784 sed
1124 3711 1229 3785 etiarn
1246 3711 1361 3786 neces-

384 3832 523 3923 sarium,
553 3831 717 3929 plurimas
745 3831 910 3905 lectiones
937 3831 1107 3905 variantes
1131 3833 1198 3905 effe
1226 3836 1361 3907 &con-

388 3951 490 4050 quiri.
540 3951 582 4024 ln
613 3949 707 4024 libris
738 3947 797 4024 sex
828 3948 997 4049 prioribus
1029 3950 1159 4050 Taciti,
1200 3951 1365 4028 fivarias
