3259 5284
503 641 805 714 Aunntrunr
839 638 952 712 ert.
985 637 1033 712 1«
1188 661 1233 737 23

266 798 474 908 perferendis
500 811 647 884 militum
664 809 834 883 mandatis
861 809 1053 883 habebatur
1077 805 1235 898 idoneus,

266 933 313 1004 ob
331 951 529 1028 promptum
561 929 752 1028 ingenium.
801 929 898 1027 Qrin
914 928 991 1024 ipsae
1023 927 1110 1000 inter
1125 926 1158 1000 se
1185 927 1235 999 le·

267 1049 385 1147 giones
401 1053 522 1122 oslava
555 1056 588 1123 &
605 1050 872 1148 quintadecuma
902 1045 1029 1120 ferrum
1046 1049 1233 1142 parabant:

264 1170 350 1242 dum
367 1169 600 1244 centurionem
618 1189 854 1267 cognomento
867 1167 1049 1264 Sirpicum,
1068 1166 1126 1238 illa
1141 1191 1235 1240 mor·

265 1289 291 1359 ti
308 1288 470 1384 deposcit,
489 1289 790 1386 quintadecumani
818 1270 978 1360 tuentur:
997 1286 1034 1359 ni
1057 1285 1155 1357 miles
1171 1311 1234 1357 no-

265 1431 372 1479 nanus
389 1431 519 1503 precer,
548 1412 580 1480 &
598 1406 778 1483 adversum
795 1405 1023 1503 aspernantes,
1056 1403 1166 1477 minas
1182 1403 1233 1475 in-

262 1523 448 1622 terjecilset.

313 1647 447 1718 XXIV.
481 1648 582 1720 Hac
602 1671 773 1736 nuorrn,
802 1671 1015 1744 quamquam
1031 1641 1234 1734 abstrusum,

266 1767 299 1834 ἃ
316 1764 493 1836 tristissrma
510 1791 655 1862 quaeque
672 1767 824 1840 maxime
852 1767 1082 1838 occultantem
1098 1764 1235 1836 Tiberi·

265 1907 325 1954 um
355 1885 545 1979 perpuldre‚
573 1906 611 1958 ut
627 1882 778 1957 Dnrsurn
795 1885 906 1957 filium
932 1909 1013 1956 cum
1030 1883 1236 1980 primoribus

266 2000 420 2091 civitatis,
449 2001 648 2100 duabusque
665 2003 828 2098 praetoriis
844 2003 1040 2076 cohortibus
1072 2002 1235 2096 mitteret,

266 2119 367 2192 nullis
394 2118 468 2192 satis
506 2121 604 2194 certis
633 2122 824 2194 mandatis:
860 2146 904 2194 ex
930 2146 966 2193 re
991 2118 1236 2196 consulturum.

267 2241 311 2310 Et
327 2239 482 2312 cohortes
514 2241 648 2312 delecto
664 2240 771 2316 milite
787 2239 887 2336 supra
917 2238 1052 2312 solitum
1078 2241 1235 2314 firmatae.

265 2358 417 2432 Additur
433 2383 560 2455 magna
585 2385 661 2454 pars
678 2359 870 2454 praetoriani
897 2359 1032 2455 equitis,
1052 2362 1085 2434 8t
1112 2361 1237 2434 robora

264 2479 534 2566 Germanorum,
565 2477 624 2573 qui
652 2497 727 2550 tum
752 2477 907 2550 custodes
932 2477 1128 2574 imperatori
1154 2479 1235 2551 ade-

264 2616 361 2667 rant:
382 2596 478 2666 srmul
496 2595 642 2691 praetorii
660 2594 836 2692 praesedus
853 2597 966 2670 AElius
983 2596 1133 2695 Sejanus,
1162 2600 1235 2671 col-

264 2716 343 2810 lega
367 2714 525 2786 Straboni
541 2713 627 2810 patri
643 2713 701 2786 suo
717 2715 830 2804 datus,
860 2718 987 2811 magna
1002 2717 1096 2810 apud
1127 2717 1235 2790 Tibe-

264 2831 355 2904 rium
371 2831 580 2922 auctor-iate,
611 2835 721 2906 rector
730 2833 865 2930 juveni,
896 2835 1074 2906 &ceteris
1103 2835 1235 2930 pericu-

264 2953 377 3024 lorum
411 2951 700 3048 praenriorumque
732 2953 924 3026 ostentator.
954 2951 1067 3025 Druso
1095 2954 1235 3049 propin·

262 3071 392 3166 quanti,
422 3074 513 3166 quast
531 3095 591 3167 per
617 3071 768 3148 officium
795 3071 908 3144 obviae
933 3070 1028 3144 fuste
1056 3072 1233 3168 legiones:

262 3214 333 3260 non
361 3190 459 3278 laetae,
486 3209 525 3261 ut
552 3187 694 3279 adsolet,
719 3216 832 3287 neque
848 3190 1034 3287 infignibus
1050 3189 1234 3288 fulgentes,

263 3305 320 3380 sed
349 3307 477 3381 inluvie
494 3309 655 3398 deformi,
685 3313 717 3380 ἃ
736 3312 849 3399 vultu,
883 3335 1097 3407 quamquam
1113 3311 1235 3385 maesti·

261 3426 344 3499 tiam
360 3426 586 3518 imitarentur,
612 3428 839 3500 contumaciae
855 3428 1041 3524 propiores.

311 3549 427 3619 XXV.
457 3549 676 3632 Posthnru
705 3549 837 3620 vallum
862 3547 991 3619 introiit
1005 3576 1015 3633 3
1035 3570 1147 3644 portas
1172 3551 1235 3624 sta-

261 3663 410 3737 tionibus
427 3667 579 3754 firmant,
614 3668 738 3763 globos
764 3685 975 3738 armatorum
1000 3669 1097 3740 certis
1113 3671 1236 3743 castro·

262 3809 339 3856 rum
367 3783 451 3856 locis
468 3783 616 3880 opperiri
641 3783 788 3882 jubent:
808 3785 911 3856 ceteri
927 3785 1077 3861 tribunal
1105 3787 1237 3888 ingenti

260 3901 400 3999 agmine
427 3902 712 3976 circumveniunt.
762 3906 879 3978 Stabat
911 3903 1040 3979 Drusus
1070 3909 1236 3982 srlentium

263 4043 367 4092 manu
384 4018 535 4117 poscens.
584 4023 639 4105 Illi
666 4022 824 4120 quotiens
840 4025 958 4100 oculos
974 4026 1019 4100 ad
1044 4027 1235 4103 multitudi-

693 4142 723 4214 C
747 4169 772 4236 4
