3259 5284
378 575 425 648 90
560 547 910 624 croisum
944 551 1151 624 Tncrrr

378 717 473 814 polle
488 718 621 792 bellum
635 721 780 818 patrari:
806 721 865 797 sed
881 724 1004 798 crebris
1020 723 1166 821 epistolis
1183 723 1344 800 Tiberius

378 839 559 927 monebat,
585 847 613 882 “
631 841 757 914 rediret
772 844 818 915 ad
833 844 1013 917 decretum
1030 845 1267 942 triumphum:
1294 845 1343 919 sa·

379 963 406 998 “
424 956 464 1029 tis
475 955 553 1053 jam
568 980 771 1051 eventuum,
789 961 866 1034 satis
883 962 1041 1038 casuum:
1066 961 1227 1061 prospera
1241 964 1290 1037 illi
1309 970 1343 1038 dt

378 1083 406 1119 “
424 1102 553 1175 magna
570 1081 710 1176 proelia:
732 1107 855 1154 eornm
872 1108 1014 1180 quoque
1030 1082 1247 1172 meminisset,
1266 1109 1343 1181 quae

378 1202 407 1238 “
425 1197 519 1270 venti
536 1203 569 1271 δι
587 1201 725 1290 fluetus,
740 1203 836 1274 nulla
851 1200 950 1273 ducis
962 1203 1079 1298 cuspb,
1093 1201 1213 1298 gravia
1227 1223 1344 1278 tamen

378 1323 406 1359 “
424 1321 458 1390 la
476 1314 563 1390 saeva
578 1319 706 1392 damna
720 1319 924 1392 intulissent:
946 1318 979 1392 se
994 1320 1115 1394 novies
1130 1347 1151 1392 a
1166 1320 1250 1394 divo
1267 1326 1343 1394 Au·

378 1441 407 1479 “
425 1435 526 1534 gusto
557 1435 595 1508 in
627 1437 854 1512 Germaniam
886 1439 1040 1532 miffum,
1076 1441 1176 1536 plura
1205 1441 1345 1513 consilio

378 1558 406 1597 “
425 1557 534 1651 qulm
562 1556 597 1628 vi
627 1553 810 1653 perfecisse.
857 1559 912 1631 Sic
939 1559 1152 1656 Sugambros
1179 1559 1217 1632 in
1243 1559 1342 1632 dedi-

377 1675 554 1748 “tionem
575 1696 749 1772 acceptos,
774 1680 818 1749 fic
839 1680 981 1767 Suevos,
1005 1703 1196 1776 regemque
1219 1681 1343 1752 Maro-

377 1802 406 1838 “
424 1798 584 1869 boduum
606 1820 691 1890 pace
711 1796 940 1870 obstrislum:
967 1798 1061 1894 polle
1083 1803 1116 1870 &
1138 1796 1342 1888 Cheruscos,

379 1911 620 2012 “ceterasque
641 1915 825 1988 rebellium
849 1935 982 2013 gentes,
1008 1918 1149 2013 quando
1172 1919 1344 1989 Romanae

377 2033 547 2106 “ultioni
572 2031 767 2108 consultum
795 2035 890 2126 esset,
903 2017 1060 2108 ‘internis
1087 2033 1262 2110 discordiis
1289 2061 1344 2109 re·

377 2161 405 2198 “
423 2152 573 2250 linqui.”
620 2154 803 2225 .Preeante
831 2154 1040 2227 Germanico
1073 2180 1204 2227 annum
1237 2153 1344 2228 effici·

375 2271 472 2344 endis
498 2271 636 2367 coeptis,
663 2271 772 2346 acrius
799 2272 1005 2346 modestiam
1031 2271 1102 2371 ejus
1129 2272 1343 2370 adgreditur,

376 2393 522 2464 alterum
543 2388 757 2468 consulatum
778 2390 970 2481 offerendo,
994 2390 1090 2490 cujus
1115 2391 1235 2468 munia
1258 2418 1344 2487 prae·

376 2510 451 2586 sens
479 2509 612 2582 obiret:
649 2511 749 2582 simul
775 2511 993 2601 adneslebat,
1020 2514 1089 2584 “st
1117 2509 1204 2583 foret
1229 2513 1344 2586 adhuc

356 2627 405 2675 '⁴‘
423 2631 638 2718 bellandum,
663 2628 871 2727 relinqueret
900 2629 1080 2703 materiem
1103 2631 1203 2704 Drusi
1232 2627 1345 2702 fratris

377 2757 406 2794 “
426 2749 557 2848 gloriae,
582 2747 643 2846 qui
664 2750 763 2820 nullo
784 2767 861 2824 tum
884 2747 951 2820 alio
968 2749 1078 2841 hoste,
1101 2747 1234 2820 nonnisr
1251 2747 1344 2844 apud

377 2877 405 2913 “
423 2867 625 2942 Germanias
640 2865 782 2966 adsequi
798 2894 928 2941 nomen
946 2866 1216 2965 imperatorium,
1232 2871 1265 2940 bc
1282 2867 1343 2939 de-

376 2997 556 3086 “portare
581 2989 734 3060 sauream
760 2988 906 3084 posset.''
954 2989 1066 3060 Haud
1094 2988 1272 3060 cunslams
1295 2983 1345 3058 est

375 3109 465 3181 ultra
481 3105 721 3196 Germanicus,
751 3131 966 3202 quamquam
983 3104 1069 3206 fingi
1086 3129 1138 3194 ea,
1165 3103 1268 3200 seque
1284 3126 1345 3200 per

377 3225 544 3306 invidiam
562 3243 661 3319 parto
670 3223 746 3322 jam
762 3222 881 3296 decori
897 3222 1044 3298 abstrahi
1061 3222 1277 3320 intelligeret.
1331 3250 1336 3264 ’

424 3345 577 3417 XXVII.
602 3342 676 3414 Sus
703 3367 805 3414 muru
829 3343 982 3438 ternpus,
1008 3366 1027 3413 e
1055 3339 1185 3414 familis
1209 3341 1344 3414 Scribo-

375 3463 516 3538 niorum
543 3461 640 3534 Libo
666 3459 797 3534 Drusus
827 3460 976 3533 defertur
1001 3459 1117 3534 moliri
1145 3485 1197 3532 res
1224 3485 1345 3532 novas.

378 3582 463 3682 Ejus
479 3581 612 3680 negotii
627 3579 776 3669 initium,
792 3579 966 3668 ordinem,
986 3579 1093 3651 finem
1111 3576 1260 3650 curatilts
1277 3575 1344 3651 dis-

376 3704 483 3780 seram
495 3732 507 3789 ;
537 3701 618 3798 quia
639 3722 715 3774 tum
736 3699 890 3797 primum
912 3718 1045 3794 reperta
1065 3695 1157 3787 sunt,
1182 3723 1260 3793 quae
1283 3723 1346 3794 per

376 3843 428 3897 tot
449 3845 557 3895 annos
581 3820 834 3916 rempublicam
856 3819 1014 3892 exedsre.
1065 3815 1214 3890 Firmius
1238 3817 1345 3888 Catus

377 3942 523 4033 senator,
543 3965 588 4016 ex
604 3939 727 4018 intima
742 3937 891 4017 Libonis
908 3937 1072 4030 amicitis,
1090 3933 1260 4037 juvenem
1277 3936 1343 4024 im-
