3259 5284
496 593 799 664 Annnrrusr
833 589 944 664 Las.
977 589 1006 664 1.
1202 614 1245 666 21

275 757 368 853 tulo,
393 761 527 836 sarcinis
544 783 700 860 gravant,
719 781 899 861 aguntque
915 762 1027 860 primo
1041 761 1077 834 in
1093 764 1247 862 agmine,

277 907 338 979 per
348 883 535 958 ludibrium
546 881 746 982 rogitantes,
766 888 794 926 “
808 909 853 955 an
864 902 935 956 tam
949 881 1113 956 immensa
1128 909 1247 976 onera,

279 1008 309 1044 “
327 1021 398 1074 tam
415 1003 521 1101 longa
536 1001 654 1076 itinera
670 1003 813 1076 libenter
829 1002 957 1077 ferret?
977 998 999 1036 '⁵
1015 1004 1155 1102 Qrippe
1171 1008 1249 1078 Ru-

277 1120 331 1194 fus
362 1123 422 1195 diu
454 1122 687 1220 manipularis,
717 1123 798 1199 dein
826 1123 992 1213 centurio,
1021 1145 1106 1196 mox
1138 1123 1251 1197 castris

278 1239 467 1338 presesb1s‚
484 1242 660 1339 antiquam
673 1245 865 1341 duramque
881 1242 1040 1316 militiam
1051 1247 1249 1334 revocabat,

277 1379 378 1433 vetus
394 1359 504 1458 operis
521 1385 560 1435 ac
577 1363 716 1456 laboris,
746 1368 780 1436 dr
797 1362 1033 1453 calumnior,
1067 1361 1148 1460 quia
1163 1364 1250 1436 tole-

277 1501 418 1552 raverat.

329 1601 611 1674 XX1.'Honunr
628 1603 779 1676 adventu
795 1602 1043 1700 redintegratur
1057 1600 1205 1690 seditio,·
1217 1604 1252 1674 a

281 1718 362 1815 vagi
405 1720 620 1819 circumjecta
651 1724 915 1818 populabantur.
952 1719 1076 1794 Blaesus
1108 1743 1250 1815 paucos,

280 1837 432 1912 maximi
462 1841 575 1937 praedal
607 1841 758 1930 onustos,
788 1843 834 1914 ad
861 1860 1023 1914 terrorem
1049 1858 1253 1927 ceterorum,

282 1957 384 2030 adfici
399 1959 610 2050 verberibus,
640 1959 753 2032 claudi
770 1959 1034 2057 carcerejubet;
1052 1981 1134 2030 nam
1150 1955 1255 2030 etiam

281 2093 356 2150 tum
373 2079 488 2176 legato
504 2080 803 2168 acenturionibus,
823 2084 856 2154 δι
873 2079 1008 2176 optimo
1025 2101 1166 2175 quoque
1181 2101 1255 2150 ma·

282 2196 501 2294 nipularium,
543 2199 732 2296 parebatur.
781 2197 838 2270 Illi
877 2197 988 2270 obniti
1026 2196 1254 2286 trahentibus,

282 2313 435 2412 prensare
451 2315 739 2390 circumstantium
756 2341 881 2414 genua,
914 2315 1002 2388 ciere
1018 2313 1128 2388 modb
1143 2313 1256 2387 nomi-

283 2459 328 2508 na
353 2437 577 2533 singulorum,
611 2432 718 2508 rnodb
751 2435 938 2508 centuriam
972 2432 1128 2532 quisque,
1162 2431 1258 2530 cujus

283 2553 502 2649 manipularis
543 2573 627 2644 erat,
670 2555 861 2644 cohortem,
905 2553 1092 2651 legionem,
1135 2555 1258 2626 eadem

283 2673 444 2745 omnibus
476 2673 656 2746 imminere
684 2671 919 2746 clamitantesz
938 2674 1037 2744 fimul
1070 2675 1196 2768 probra
1222 2670 1259 2742 in

283 2791 438 2887 legatum
471 2795 648 2865 cumulant
660 2821 670 2877 3
689 2793 813 2866 caelum
842 2817 882 2864 ac
909 2791 993 2863 deos
1024 2790 1257 2864 obtestantur:

285 2911 370 2984 nihil
386 2911 507 3008 reliqui
533 2911 675 3000 faciunt,
705 2909 892 3008 quominus
923 2907 1104 2996 invidiam,
1134 2906 1260 2980 miseri-

285 3029 452 3120 cordiam,
482 3051 630 3119 metum,
661 3031 784 3102 &iras
812 3046 1061 3126 permoverent.
1095 3025 1261 3098 Adcurri-

285 3167 340 3221 tur
355 3150 400 3222 ab
427 3149 601 3238 universrs,
631 3151 665 3220 &
682 3173 812 3220 carcere
829 3147 982 3236 ennato,
1015 3139 1153 3218 solvunt
1184 3144 1262 3216 vin-

287 3271 386 3354 cula;
404 3263 652 3366 desertoresque
669 3294 708 3342 ac
720 3293 835 3340 rerum
851 3264 1048 3362 capitalium
1065 3264 1262 3356 damnatos,

286 3388 346 3462 fibi
356 3386 432 3486 jam
449 3385 600 3462 miscent.

335 3507 453 3580 XXII.
483 3509 774 3581 anonnrrrron
793 3506 879 3580 inde·
896 3507 962 3596 vis,
981 3507 1094 3602 plures
1109 3501 1265 3578 seditioni

286 3626 415 3699 duces:
463 3631 497 3700 δι
532 3627 724 3700 Vibulenus
765 3625 909 3724 quidam
942 3623 1116 3722 gregarius
1148 3624 1263 3713 miles,

286 3765 366 3818 ante
393 3745 543 3821 tribunal
571 3748 665 3820 Blaefi
682 3746 860 3818 adlevatus
888 3742 1179 3817 circumstantium
1201 3745 1265 3815 hu-

287 3864 403 3955 meris,
429 3867 523 3962 apud
554 3868 720 3955 turbatos,
750 3868 785 3938 ὅτ
817 3865 902 3962 quid
935 3882 1067 3962 pararet
1093 3862 1264 3935 intentos:

290 3984 409 4058 “Vos
437 3985 620 4084 quidemst
653 3983 779 4082 inquit,
811 3991 839 4026 “
868 3983 921 4056 his
950 3981 1203 4071 innocentibus,
1232 3984 1267 4051 δι

800 4105 831 4176 C
857 4130 877 4200 a
