<?xml version="1.0" encoding="UTF-8"?>
<!DOCTYPE html PUBLIC "-//W3C//DTD XHTML 1.0 Transitional//EN"
    "http://www.w3.org/TR/xhtml1/DTD/xhtml1-transitional.dtd">
<html xmlns="http://www.w3.org/1999/xhtml" xml:lang="en" lang="en">
 <head>
  <title>
</title>
<meta http-equiv="Content-Type" content="text/html;charset=utf-8" />
  <meta name='ocr-system' content='tesseract 3.04.00' />
  <meta name='ocr-capabilities' content='ocr_page ocr_carea ocr_par ocr_line ocrx_word'/>
</head>
<body>
  <div class='ocr_page' id='page_1' title='image "./ccorneliitaciti04freigoog_0344.png"; bbox 0 0 3259 5284; ppageno 0'>
   <div class='ocr_carea' id='block_1_1' title="bbox 381 604 1178 681">
    <p class='ocr_par' dir='ltr' id='par_1_1' title="bbox 381 604 1178 681">
     <span class='ocr_line' id='line_1_1' title="bbox 381 604 1178 681; baseline 0.001 -1"><span class='ocrx_word' id='word_1_1' title='bbox 381 605 452 681; x_wconf 82' lang='lat'>286</span> <span class='ocrx_word' id='word_1_2' title='bbox 606 604 1178 681; x_wconf 72' lang='lat' dir='ltr'>GCoasrnurrTacrrr</span> 
     </span>
    </p>
   </div>
   <div class='ocr_carea' id='block_1_2' title="bbox 289 776 1353 4113">
    <p class='ocr_par' dir='ltr' id='par_1_2' title="bbox 376 776 1353 1955">
     <span class='ocr_line' id='line_1_2' title="bbox 383 776 1353 877; baseline 0.002 -24"><span class='ocrx_word' id='word_1_3' title='bbox 383 780 463 853; x_wconf 82' lang='lat' dir='ltr'>virae</span> <span class='ocrx_word' id='word_1_4' title='bbox 481 776 613 853; x_wconf 89' lang='lat' dir='ltr'>amicus</span> <span class='ocrx_word' id='word_1_5' title='bbox 629 778 766 877; x_wconf 87' lang='lat' dir='ltr'>Sejano,</span> <span class='ocrx_word' id='word_1_6' title='bbox 795 780 880 855; x_wconf 88' lang='lat' dir='ltr'>nihil</span> <span class='ocrx_word' id='word_1_7' title='bbox 914 783 959 855; x_wconf 87' lang='lat' dir='ltr'>ad</span> <span class='ocrx_word' id='word_1_8' title='bbox 988 781 1126 855; x_wconf 89' lang='lat' dir='ltr'>serium.</span> <span class='ocrx_word' id='word_1_9' title='bbox 1176 782 1225 855; x_wconf 86' lang='lat' dir='ltr'>Et</span> <span class='ocrx_word' id='word_1_10' title='bbox 1240 781 1353 877; x_wconf 80' lang='lat' dir='ltr'>Julius</span> 
     </span>
     <span class='ocr_line' id='line_1_3' title="bbox 379 897 1349 992; baseline 0.001 -19"><span class='ocrx_word' id='word_1_11' title='bbox 379 898 509 989; x_wconf 85' lang='lat' dir='ltr'>Celsus,</span> <span class='ocrx_word' id='word_1_12' title='bbox 528 897 700 989; x_wconf 89' lang='lat' dir='ltr'>tribunus,</span> <span class='ocrx_word' id='word_1_13' title='bbox 729 900 766 973; x_wconf 93' lang='lat' dir='ltr'>in</span> <span class='ocrx_word' id='word_1_14' title='bbox 795 900 919 974; x_wconf 88' lang='lat' dir='ltr'>vinclis</span> <span class='ocrx_word' id='word_1_15' title='bbox 942 903 1096 974; x_wconf 82' lang='lat' dir='ltr'>laxatam</span> <span class='ocrx_word' id='word_1_16' title='bbox 1117 920 1289 992; x_wconf 64' lang='lat' dir='ltr'>catenam</span> <span class='ocrx_word' id='word_1_17' title='bbox 1314 905 1349 974; x_wconf 73' lang='grc' dir='ltr'>δι</span> 
     </span>
     <span class='ocr_line' id='line_1_4' title="bbox 379 1018 1349 1118; baseline 0 -25"><span class='ocrx_word' id='word_1_18' title='bbox 379 1018 645 1110; x_wconf 86' lang='lat' dir='ltr'>circumdatam,</span> <span class='ocrx_word' id='word_1_19' title='bbox 660 1020 695 1093; x_wconf 90' lang='lat' dir='ltr'>in</span> <span class='ocrx_word' id='word_1_20' title='bbox 713 1019 886 1095; x_wconf 90' lang='lat' dir='ltr'>diversum</span> <span class='ocrx_word' id='word_1_21' title='bbox 903 1023 1061 1111; x_wconf 85' lang='lat' dir='ltr'>tendens,</span> <span class='ocrx_word' id='word_1_22' title='bbox 1078 1019 1175 1094; x_wconf 89' lang='lat' dir='ltr'>suam</span> <span class='ocrx_word' id='word_1_23' title='bbox 1191 1020 1261 1118; x_wconf 91' lang='lat' dir='ltr'>ipse</span> <span class='ocrx_word' id='word_1_24' title='bbox 1276 1044 1349 1095; x_wconf 78' lang='lat' dir='ltr'>cer·</span> 
     </span>
     <span class='ocr_line' id='line_1_5' title="bbox 379 1136 1347 1238; baseline 0.003 -26"><span class='ocrx_word' id='word_1_25' title='bbox 379 1138 495 1213; x_wconf 89' lang='lat' dir='ltr'>vicem</span> <span class='ocrx_word' id='word_1_26' title='bbox 513 1136 690 1238; x_wconf 82' lang='lat' dir='ltr'>perfregit.</span> <span class='ocrx_word' id='word_1_27' title='bbox 742 1147 792 1213; x_wconf 89' lang='lat' dir='ltr'>At</span> <span class='ocrx_word' id='word_1_28' title='bbox 822 1140 961 1213; x_wconf 90' lang='lat' dir='ltr'>Rubrio</span> <span class='ocrx_word' id='word_1_29' title='bbox 984 1142 1132 1231; x_wconf 87' lang='lat' dir='ltr'>Fabato,</span> <span class='ocrx_word' id='word_1_30' title='bbox 1152 1160 1347 1237; x_wconf 87' lang='lat' dir='ltr'>tamquam,</span> 
     </span>
     <span class='ocr_line' id='line_1_6' title="bbox 377 1256 1347 1357; baseline -0.004 -23"><span class='ocrx_word' id='word_1_31' title='bbox 377 1256 562 1357; x_wconf 86' lang='lat' dir='ltr'>desperatis</span> <span class='ocrx_word' id='word_1_32' title='bbox 584 1261 685 1333; x_wconf 89' lang='lat' dir='ltr'>rebus</span> <span class='ocrx_word' id='word_1_33' title='bbox 704 1260 890 1349; x_wconf 89' lang='lat' dir='ltr'>Romanis,</span> <span class='ocrx_word' id='word_1_34' title='bbox 922 1261 1131 1332; x_wconf 85' lang='lat' dir='ltr'>Parthorum</span> <span class='ocrx_word' id='word_1_35' title='bbox 1151 1261 1198 1332; x_wconf 79' lang='lat' dir='ltr'>ad</span> <span class='ocrx_word' id='word_1_36' title='bbox 1218 1258 1347 1332; x_wconf 88' lang='lat' dir='ltr'>miseri-</span> 
     </span>
     <span class='ocr_line' id='line_1_7' title="bbox 378 1376 1348 1477; baseline 0 -26"><span class='ocrx_word' id='word_1_37' title='bbox 378 1378 535 1451; x_wconf 82' lang='lat' dir='ltr'>cordiam</span> <span class='ocrx_word' id='word_1_38' title='bbox 552 1377 701 1477; x_wconf 82' lang='lat' dir='ltr'>sugerer‚</span> <span class='ocrx_word' id='word_1_39' title='bbox 718 1378 877 1452; x_wconf 87' lang='lat' dir='ltr'>custodes</span> <span class='ocrx_word' id='word_1_40' title='bbox 892 1378 1025 1451; x_wconf 88' lang='lat' dir='ltr'>additi:</span> <span class='ocrx_word' id='word_1_41' title='bbox 1056 1376 1132 1452; x_wconf 63' lang='lat' dir='ltr'>sans</span> <span class='ocrx_word' id='word_1_42' title='bbox 1150 1378 1179 1451; x_wconf 90' lang='lat' dir='ltr'>is</span> <span class='ocrx_word' id='word_1_43' title='bbox 1194 1396 1348 1475; x_wconf 82' lang='lat' dir='ltr'>repertus</span> 
     </span>
     <span class='ocr_line' id='line_1_8' title="bbox 377 1496 1347 1595; baseline -0.002 -24"><span class='ocrx_word' id='word_1_44' title='bbox 377 1498 473 1595; x_wconf 80' lang='lat' dir='ltr'>apud</span> <span class='ocrx_word' id='word_1_45' title='bbox 502 1496 629 1571; x_wconf 88' lang='lat' dir='ltr'>fretum</span> <span class='ocrx_word' id='word_1_46' title='bbox 650 1498 786 1589; x_wconf 84' lang='lat' dir='ltr'>Siciliae,</span> <span class='ocrx_word' id='word_1_47' title='bbox 828 1498 1057 1595; x_wconf 73' lang='lat' dir='ltr'>retrasbrsque</span> <span class='ocrx_word' id='word_1_48' title='bbox 1085 1523 1146 1595; x_wconf 85' lang='lat' dir='ltr'>per</span> <span class='ocrx_word' id='word_1_49' title='bbox 1176 1496 1347 1571; x_wconf 80' lang='lat' dir='ltr'>centurio-</span> 
     </span>
     <span class='ocr_line' id='line_1_9' title="bbox 377 1616 1346 1717; baseline -0.003 -25"><span class='ocrx_word' id='word_1_50' title='bbox 377 1642 473 1706; x_wconf 90' lang='lat' dir='ltr'><strong>nem,</strong></span> <span class='ocrx_word' id='word_1_51' title='bbox 493 1618 602 1690; x_wconf 86' lang='lat' dir='ltr'>nullas</span> <span class='ocrx_word' id='word_1_52' title='bbox 621 1618 817 1714; x_wconf 85' lang='lat' dir='ltr'>probabiles</span> <span class='ocrx_word' id='word_1_53' title='bbox 838 1616 951 1692; x_wconf 81' lang='lat' dir='ltr'>causas</span> <span class='ocrx_word' id='word_1_54' title='bbox 970 1618 1173 1717; x_wconf 71' lang='lat' dir='ltr'>longinquas</span> <span class='ocrx_word' id='word_1_55' title='bbox 1194 1616 1346 1715; x_wconf 84' lang='lat' dir='ltr'>peregri-</span> 
     </span>
     <span class='ocr_line' id='line_1_10' title="bbox 377 1734 1346 1830; baseline 0.002 -21"><span class='ocrx_word' id='word_1_56' title='bbox 377 1734 525 1809; x_wconf 86' lang='lat' dir='ltr'>nationis</span> <span class='ocrx_word' id='word_1_57' title='bbox 542 1735 728 1811; x_wconf 86' lang='lat' dir='ltr'>adferebat.</span> <span class='ocrx_word' id='word_1_58' title='bbox 776 1740 906 1811; x_wconf 86' lang='lat' dir='ltr'>Mansrt</span> <span class='ocrx_word' id='word_1_59' title='bbox 923 1759 1039 1811; x_wconf 88' lang='lat' dir='ltr'>tamen</span> <span class='ocrx_word' id='word_1_60' title='bbox 1055 1736 1254 1830; x_wconf 89' lang='lat' dir='ltr'>incolumis,</span> <span class='ocrx_word' id='word_1_61' title='bbox 1281 1740 1346 1811; x_wconf 84' lang='lat' dir='ltr'>ob·</span> 
     </span>
     <span class='ocr_line' id='line_1_11' title="bbox 376 1855 992 1955; baseline 0.002 -25"><span class='ocrx_word' id='word_1_62' title='bbox 376 1855 505 1931; x_wconf 88' lang='lat' dir='ltr'>livione</span> <span class='ocrx_word' id='word_1_63' title='bbox 530 1856 642 1955; x_wconf 84' lang='lat' dir='ltr'>magis</span> <span class='ocrx_word' id='word_1_64' title='bbox 667 1858 775 1955; x_wconf 75' lang='lat' dir='ltr'>quam</span> <span class='ocrx_word' id='word_1_65' title='bbox 800 1858 992 1933; x_wconf 67' lang='lat' dir='ltr'>clementii.</span> 
     </span>
    </p>

    <p class='ocr_par' dir='ltr' id='par_1_3' title="bbox 289 1974 1346 4113">
     <span class='ocr_line' id='line_1_12' title="bbox 432 1974 1346 2067; baseline 0.001 -17"><span class='ocrx_word' id='word_1_66' title='bbox 432 1978 514 2050; x_wconf 86' lang='lat' dir='ltr'>XV.</span> <span class='ocrx_word' id='word_1_67' title='bbox 551 1978 638 2049; x_wconf 77' lang='lat' dir='ltr'>San.</span> <span class='ocrx_word' id='word_1_68' title='bbox 667 1978 827 2067; x_wconf 69' lang='lat' dir='ltr'>GALBA,</span> <span class='ocrx_word' id='word_1_69' title='bbox 848 1979 895 2051; x_wconf 68' lang='lat' dir='ltr'>t„</span> <span class='ocrx_word' id='word_1_70' title='bbox 919 1979 1013 2051; x_wconf 76' lang='lat' dir='ltr'>Sulla</span> <span class='ocrx_word' id='word_1_71' title='bbox 1033 1974 1244 2067; x_wconf 86' lang='lat' dir='ltr'>consulibus,</span> <span class='ocrx_word' id='word_1_72' title='bbox 1282 1978 1346 2051; x_wconf 89' lang='lat' dir='ltr'>diu</span> 
     </span>
     <span class='ocr_line' id='line_1_13' title="bbox 350 2094 1346 2196; baseline -0.001 -24"><span class='ocrx_word' id='word_1_73' title='bbox 350 2180 353 2183; x_wconf 57' lang='grc'><strong>,</strong></span> <span class='ocrx_word' id='word_1_74' title='bbox 375 2100 530 2196; x_wconf 84' lang='lat' dir='ltr'>quaefito,</span> <span class='ocrx_word' id='word_1_75' title='bbox 547 2120 637 2194; x_wconf 82' lang='lat' dir='ltr'>quos</span> <span class='ocrx_word' id='word_1_76' title='bbox 652 2095 813 2193; x_wconf 88' lang='lat' dir='ltr'>neptibus</span> <span class='ocrx_word' id='word_1_77' title='bbox 830 2094 896 2171; x_wconf 86' lang='lat' dir='ltr'>suis</span> <span class='ocrx_word' id='word_1_78' title='bbox 911 2097 1052 2172; x_wconf 89' lang='lat' dir='ltr'>maritos</span> <span class='ocrx_word' id='word_1_79' title='bbox 1067 2098 1253 2171; x_wconf 86' lang='lat' dir='ltr'>destinaret</span> <span class='ocrx_word' id='word_1_80' title='bbox 1267 2099 1346 2171; x_wconf 80' lang='lat' dir='ltr'>Cae·</span> 
     </span>
     <span class='ocr_line' id='line_1_14' title="bbox 373 2214 1345 2314; baseline 0 -24"><span class='ocrx_word' id='word_1_81' title='bbox 373 2216 440 2307; x_wconf 91' lang='lat' dir='ltr'>sar,</span> <span class='ocrx_word' id='word_1_82' title='bbox 459 2216 644 2313; x_wconf 89' lang='lat' dir='ltr'>postquam</span> <span class='ocrx_word' id='word_1_83' title='bbox 662 2214 809 2289; x_wconf 87' lang='lat' dir='ltr'>instabat</span> <span class='ocrx_word' id='word_1_84' title='bbox 821 2216 996 2314; x_wconf 86' lang='lat' dir='ltr'>virginum</span> <span class='ocrx_word' id='word_1_85' title='bbox 1009 2236 1104 2307; x_wconf 80' lang='lat' dir='ltr'>aetas,</span> <span class='ocrx_word' id='word_1_86' title='bbox 1117 2218 1163 2290; x_wconf 89' lang='lat' dir='ltr'>L.</span> <span class='ocrx_word' id='word_1_87' title='bbox 1180 2217 1345 2308; x_wconf 87' lang='lat' dir='ltr'>Casfium,</span> 
     </span>
     <span class='ocr_line' id='line_1_15' title="bbox 373 2334 1344 2435; baseline 0.001 -25"><span class='ocrx_word' id='word_1_88' title='bbox 373 2340 432 2410; x_wconf 90' lang='grc' dir='ltr'>Μ.</span> <span class='ocrx_word' id='word_1_89' title='bbox 451 2334 629 2408; x_wconf 89' lang='lat' dir='ltr'>Vinicium</span> <span class='ocrx_word' id='word_1_90' title='bbox 647 2334 742 2433; x_wconf 85' lang='lat' dir='ltr'>legit.</span> <span class='ocrx_word' id='word_1_91' title='bbox 793 2334 932 2409; x_wconf 86' lang='lat' dir='ltr'>Vinicio</span> <span class='ocrx_word' id='word_1_92' title='bbox 962 2336 1180 2433; x_wconf 86' lang='lat' dir='ltr'>oppidanum</span> <span class='ocrx_word' id='word_1_93' title='bbox 1209 2362 1344 2435; x_wconf 83' lang='lat' dir='ltr'>genus;</span> 
     </span>
     <span class='ocr_line' id='line_1_16' title="bbox 372 2454 1345 2552; baseline 0.004 -24"><span class='ocrx_word' id='word_1_94' title='bbox 372 2454 515 2528; x_wconf 87' lang='lat' dir='ltr'>Calibus</span> <span class='ocrx_word' id='word_1_95' title='bbox 531 2474 638 2545; x_wconf 89' lang='lat' dir='ltr'>ortus,</span> <span class='ocrx_word' id='word_1_96' title='bbox 668 2474 763 2551; x_wconf 89' lang='lat' dir='ltr'>patre</span> <span class='ocrx_word' id='word_1_97' title='bbox 778 2473 882 2552; x_wconf 86' lang='lat' dir='ltr'>atque</span> <span class='ocrx_word' id='word_1_98' title='bbox 899 2480 966 2529; x_wconf 85' lang='lat' dir='ltr'>avo</span> <span class='ocrx_word' id='word_1_99' title='bbox 982 2454 1228 2549; x_wconf 84' lang='lat' dir='ltr'>consularibus,</span> <span class='ocrx_word' id='word_1_100' title='bbox 1252 2478 1345 2532; x_wconf 88' lang='lat' dir='ltr'>cete·</span> 
     </span>
     <span class='ocr_line' id='line_1_17' title="bbox 373 2572 1345 2675; baseline 0.003 -27"><span class='ocrx_word' id='word_1_101' title='bbox 373 2600 412 2648; x_wconf 85' lang='lat' dir='ltr'>ra</span> <span class='ocrx_word' id='word_1_102' title='bbox 427 2572 572 2671; x_wconf 88' lang='lat' dir='ltr'>equestri</span> <span class='ocrx_word' id='word_1_103' title='bbox 588 2572 716 2648; x_wconf 66' lang='lat' dir='ltr'>familis</span> <span class='ocrx_word' id='word_1_104' title='bbox 733 2592 818 2665; x_wconf 89' lang='lat' dir='ltr'>erat,</span> <span class='ocrx_word' id='word_1_105' title='bbox 836 2574 931 2648; x_wconf 89' lang='lat' dir='ltr'>mitis</span> <span class='ocrx_word' id='word_1_106' title='bbox 955 2574 1110 2674; x_wconf 86' lang='lat' dir='ltr'>ingenio,</span> <span class='ocrx_word' id='word_1_107' title='bbox 1134 2580 1169 2650; x_wconf 77' lang='grc' dir='ltr'>δι</span> <span class='ocrx_word' id='word_1_108' title='bbox 1191 2598 1345 2675; x_wconf 69' lang='lat' dir='ltr'>compta</span> 
     </span>
     <span class='ocr_line' id='line_1_18' title="bbox 373 2692 1346 2795; baseline 0.002 -26"><span class='ocrx_word' id='word_1_109' title='bbox 373 2692 555 2769; x_wconf 83' lang='lat' dir='ltr'>facundiae.</span> <span class='ocrx_word' id='word_1_110' title='bbox 605 2695 734 2767; x_wconf 83' lang='lat' dir='ltr'>Cassius</span> <span class='ocrx_word' id='word_1_111' title='bbox 751 2694 865 2791; x_wconf 91' lang='lat' dir='ltr'>plebei</span> <span class='ocrx_word' id='word_1_112' title='bbox 890 2698 1016 2769; x_wconf 85' lang='lat' dir='ltr'>Romae</span> <span class='ocrx_word' id='word_1_113' title='bbox 1045 2696 1192 2795; x_wconf 85' lang='lat' dir='ltr'>generis,</span> <span class='ocrx_word' id='word_1_114' title='bbox 1221 2698 1346 2771; x_wconf 76' lang='lat' dir='ltr'>verum</span> 
     </span>
     <span class='ocr_line' id='line_1_19' title="bbox 372 2811 1344 2913; baseline 0.003 -26"><span class='ocrx_word' id='word_1_115' title='bbox 372 2813 506 2912; x_wconf 86' lang='lat' dir='ltr'>antiqui</span> <span class='ocrx_word' id='word_1_116' title='bbox 523 2812 765 2911; x_wconf 90' lang='lat' dir='ltr'>honoratique,</span> <span class='ocrx_word' id='word_1_117' title='bbox 799 2818 833 2887; x_wconf 79' lang='grc' dir='ltr'>ὅτ</span> <span class='ocrx_word' id='word_1_118' title='bbox 864 2811 977 2888; x_wconf 77' lang='lat' dir='ltr'>several</span> <span class='ocrx_word' id='word_1_119' title='bbox 993 2815 1096 2911; x_wconf 86' lang='lat' dir='ltr'>patris</span> <span class='ocrx_word' id='word_1_120' title='bbox 1112 2814 1293 2913; x_wconf 75' lang='lat' dir='ltr'>disciplinl</span> <span class='ocrx_word' id='word_1_121' title='bbox 1308 2842 1344 2890; x_wconf 88' lang='lat' dir='ltr'>e-</span> 
     </span>
     <span class='ocr_line' id='line_1_20' title="bbox 371 2930 1344 3031; baseline 0.004 -25"><span class='ocrx_word' id='word_1_122' title='bbox 371 2934 512 3024; x_wconf 74' lang='lat' dir='ltr'>duslus,</span> <span class='ocrx_word' id='word_1_123' title='bbox 541 2931 704 3007; x_wconf 82' lang='lat' dir='ltr'>facilitate</span> <span class='ocrx_word' id='word_1_124' title='bbox 723 2930 846 3029; x_wconf 76' lang='lat' dir='ltr'>sapius</span> <span class='ocrx_word' id='word_1_125' title='bbox 862 2934 971 3031; x_wconf 76' lang='lat' dir='ltr'>quam</span> <span class='ocrx_word' id='word_1_126' title='bbox 986 2934 1147 3009; x_wconf 59' lang='lat' dir='ltr'>industris</span> <span class='ocrx_word' id='word_1_127' title='bbox 1163 2961 1344 3010; x_wconf 85' lang='lat' dir='ltr'>commen-</span> 
     </span>
     <span class='ocr_line' id='line_1_21' title="bbox 371 3050 1345 3150; baseline 0.004 -23"><span class='ocrx_word' id='word_1_128' title='bbox 371 3054 531 3127; x_wconf 88' lang='lat' dir='ltr'>dabatur.</span> <span class='ocrx_word' id='word_1_129' title='bbox 582 3050 680 3127; x_wconf 88' lang='lat' dir='ltr'>Huic</span> <span class='ocrx_word' id='word_1_130' title='bbox 698 3052 900 3143; x_wconf 81' lang='lat' dir='ltr'>Drusrllam,</span> <span class='ocrx_word' id='word_1_131' title='bbox 930 3053 1070 3128; x_wconf 90' lang='lat' dir='ltr'>Vinicio</span> <span class='ocrx_word' id='word_1_132' title='bbox 1087 3056 1233 3150; x_wconf 79' lang='lat' dir='ltr'>juliam,</span> <span class='ocrx_word' id='word_1_133' title='bbox 1255 3059 1345 3131; x_wconf 90' lang='lat' dir='ltr'>Ger·</span> 
     </span>
     <span class='ocr_line' id='line_1_22' title="bbox 374 3170 1344 3271; baseline 0.004 -25"><span class='ocrx_word' id='word_1_134' title='bbox 374 3171 511 3247; x_wconf 91' lang='lat' dir='ltr'>manico</span> <span class='ocrx_word' id='word_1_135' title='bbox 528 3170 673 3270; x_wconf 82' lang='lat' dir='ltr'>genitas,</span> <span class='ocrx_word' id='word_1_136' title='bbox 693 3170 901 3270; x_wconf 86' lang='lat' dir='ltr'>conjungit:</span> <span class='ocrx_word' id='word_1_137' title='bbox 931 3172 1102 3271; x_wconf 87' lang='lat' dir='ltr'>superque</span> <span class='ocrx_word' id='word_1_138' title='bbox 1128 3178 1168 3248; x_wconf 79' lang='lat' dir='ltr'>eal</span> <span class='ocrx_word' id='word_1_139' title='bbox 1197 3202 1235 3249; x_wconf 91' lang='lat' dir='ltr'>re</span> <span class='ocrx_word' id='word_1_140' title='bbox 1250 3176 1344 3251; x_wconf 88' lang='lat' dir='ltr'>sena·</span> 
     </span>
     <span class='ocr_line' id='line_1_23' title="bbox 372 3290 1345 3392; baseline 0.003 -27"><span class='ocrx_word' id='word_1_141' title='bbox 372 3292 424 3365; x_wconf 87' lang='lat' dir='ltr'>tui</span> <span class='ocrx_word' id='word_1_142' title='bbox 440 3290 582 3388; x_wconf 76' lang='lat' dir='ltr'>scripsit,</span> <span class='ocrx_word' id='word_1_143' title='bbox 611 3290 679 3364; x_wconf 87' lang='lat' dir='ltr'>levi</span> <span class='ocrx_word' id='word_1_144' title='bbox 697 3316 779 3366; x_wconf 88' lang='lat' dir='ltr'>cum</span> <span class='ocrx_word' id='word_1_145' title='bbox 795 3293 928 3365; x_wconf 91' lang='lat' dir='ltr'>honore</span> <span class='ocrx_word' id='word_1_146' title='bbox 938 3290 1135 3392; x_wconf 86' lang='lat' dir='ltr'>juvenum:</span> <span class='ocrx_word' id='word_1_147' title='bbox 1161 3294 1243 3367; x_wconf 92' lang='lat' dir='ltr'>dein</span> <span class='ocrx_word' id='word_1_148' title='bbox 1266 3296 1345 3368; x_wconf 91' lang='lat' dir='ltr'>red·</span> 
     </span>
     <span class='ocr_line' id='line_1_24' title="bbox 289 3403 1344 3512; baseline 0.004 -29"><span class='ocrx_word' id='word_1_149' title='bbox 289 3403 293 3409; x_wconf 69' lang='grc'><strong>’</strong></span> <span class='ocrx_word' id='word_1_150' title='bbox 370 3410 454 3484; x_wconf 85' lang='lat' dir='ltr'>ditis</span> <span class='ocrx_word' id='word_1_151' title='bbox 493 3408 654 3483; x_wconf 85' lang='lat' dir='ltr'>absentiae</span> <span class='ocrx_word' id='word_1_152' title='bbox 680 3414 785 3483; x_wconf 80' lang='lat' dir='ltr'>causls</span> <span class='ocrx_word' id='word_1_153' title='bbox 817 3412 1011 3485; x_wconf 88' lang='lat' dir='ltr'>admodum</span> <span class='ocrx_word' id='word_1_154' title='bbox 1039 3414 1150 3512; x_wconf 83' lang='lat' dir='ltr'>vagis,</span> <span class='ocrx_word' id='word_1_155' title='bbox 1179 3413 1277 3487; x_wconf 84' lang='lat' dir='ltr'>flexit</span> <span class='ocrx_word' id='word_1_156' title='bbox 1299 3416 1344 3487; x_wconf 91' lang='lat' dir='ltr'>ad</span> 
     </span>
     <span class='ocr_line' id='line_1_25' title="bbox 371 3530 1342 3631; baseline 0.005 -29"><span class='ocrx_word' id='word_1_157' title='bbox 371 3531 544 3627; x_wconf 85' lang='lat' dir='ltr'>graviora,</span> <span class='ocrx_word' id='word_1_158' title='bbox 575 3534 609 3603; x_wconf 76' lang='grc' dir='ltr'>δι</span> <span class='ocrx_word' id='word_1_159' title='bbox 638 3530 840 3605; x_wconf 85' lang='lat' dir='ltr'>offenfiones</span> <span class='ocrx_word' id='word_1_160' title='bbox 855 3533 903 3604; x_wconf 93' lang='lat' dir='ltr'>ob</span> <span class='ocrx_word' id='word_1_161' title='bbox 919 3534 1171 3631; x_wconf 87' lang='lat' dir='ltr'>rempublicam</span> <span class='ocrx_word' id='word_1_162' title='bbox 1188 3552 1342 3630; x_wconf 84' lang='lat' dir='ltr'>coeptas:</span> 
     </span>
     <span class='ocr_line' id='line_1_26' title="bbox 374 3648 1344 3751; baseline 0.006 -30"><span class='ocrx_word' id='word_1_163' title='bbox 374 3654 402 3692; x_wconf 91' lang='lat'><strong><em>“</em></strong></span> <span class='ocrx_word' id='word_1_164' title='bbox 420 3666 529 3745; x_wconf 88' lang='lat' dir='ltr'>utque</span> <span class='ocrx_word' id='word_1_165' title='bbox 546 3652 673 3723; x_wconf 86' lang='lat' dir='ltr'>Macro</span> <span class='ocrx_word' id='word_1_166' title='bbox 690 3648 887 3747; x_wconf 73' lang='lat' dir='ltr'>praeseslus,</span> <span class='ocrx_word' id='word_1_167' title='bbox 905 3650 1195 3751; x_wconf 90' lang='lat' dir='ltr'>tribunorumque</span> <span class='ocrx_word' id='word_1_168' title='bbox 1211 3658 1245 3727; x_wconf 72' lang='grc' dir='ltr'>ὅτ</span> <span class='ocrx_word' id='word_1_169' title='bbox 1263 3679 1344 3727; x_wconf 91' lang='lat' dir='ltr'>cen·</span> 
     </span>
     <span class='ocr_line' id='line_1_27' title="bbox 373 3768 1345 3870; baseline 0.007 -29"><span class='ocrx_word' id='word_1_170' title='bbox 373 3776 401 3817; x_wconf 89' lang='lat'><strong>“</strong></span> <span class='ocrx_word' id='word_1_171' title='bbox 419 3768 597 3841; x_wconf 90' lang='lat' dir='ltr'>turionum</span> <span class='ocrx_word' id='word_1_172' title='bbox 615 3770 731 3866; x_wconf 90' lang='lat' dir='ltr'>pauci,</span> <span class='ocrx_word' id='word_1_173' title='bbox 755 3768 873 3844; x_wconf 91' lang='lat' dir='ltr'>secum</span> <span class='ocrx_word' id='word_1_174' title='bbox 889 3771 1084 3861; x_wconf 87' lang='lat' dir='ltr'>introirent,</span> <span class='ocrx_word' id='word_1_175' title='bbox 1103 3772 1261 3870; x_wconf 86' lang='lat' dir='ltr'>quotiens</span> <span class='ocrx_word' id='word_1_176' title='bbox 1282 3800 1345 3848; x_wconf 91' lang='lat' dir='ltr'>cu·</span> 
     </span>
     <span class='ocr_line' id='line_1_28' title="bbox 374 3888 1344 3990; baseline 0.005 -30"><span class='ocrx_word' id='word_1_177' title='bbox 374 3896 403 3934; x_wconf 90' lang='lat'><strong>“</strong></span> <span class='ocrx_word' id='word_1_178' title='bbox 422 3888 508 3961; x_wconf 85' lang='lat' dir='ltr'>riam&#39;</span> <span class='ocrx_word' id='word_1_179' title='bbox 532 3888 809 3987; x_wconf 87' lang='lat' dir='ltr'>ingrederetur,&#39;&#39;</span> <span class='ocrx_word' id='word_1_180' title='bbox 844 3890 974 3988; x_wconf 89' lang='lat' dir='ltr'>petivit.</span> <span class='ocrx_word' id='word_1_181' title='bbox 1035 3893 1214 3989; x_wconf 78' lang='lat' dir='ltr'>Fac&#39;loque</span> <span class='ocrx_word' id='word_1_182' title='bbox 1237 3893 1344 3990; x_wconf 68' lang='lat' dir='ltr'>large,</span> 
     </span>
     <span class='ocr_line' id='line_1_29' title="bbox 374 4008 1342 4113; baseline 0.004 -28"><span class='ocrx_word' id='word_1_183' title='bbox 374 4014 408 4085; x_wconf 78' lang='lat' dir='ltr'>tc</span> <span class='ocrx_word' id='word_1_184' title='bbox 427 4012 494 4085; x_wconf 87' lang='lat' dir='ltr'>srne</span> <span class='ocrx_word' id='word_1_185' title='bbox 511 4008 761 4111; x_wconf 74' lang='lat' dir='ltr'>praescriptione</span> <span class='ocrx_word' id='word_1_186' title='bbox 777 4010 923 4113; x_wconf 84' lang='lat' dir='ltr'>generis,</span> <span class='ocrx_word' id='word_1_187' title='bbox 949 4030 1008 4089; x_wconf 89' lang='lat' dir='ltr'>aut</span> <span class='ocrx_word' id='word_1_188' title='bbox 1024 4012 1174 4105; x_wconf 89' lang='lat' dir='ltr'>numeri,</span> <span class='ocrx_word' id='word_1_189' title='bbox 1195 4011 1342 4089; x_wconf 86' lang='lat' dir='ltr'>senatus-</span> 
     </span>
    </p>
   </div>
   <div class='ocr_carea' id='block_1_3' title="bbox 0 0 1634 5284">
    <p class='ocr_par' dir='ltr' id='par_1_4' title="bbox 0 0 1634 5284">
     <span class='ocr_line' id='line_1_30' title="bbox 0 0 1634 5284; baseline 0 2"><span class='ocrx_word' id='word_1_190' title='bbox 0 0 1634 5284; x_wconf 95' lang='lat' dir='ltr'> </span> 
     </span>
    </p>
   </div>
  </div>
 </body>
</html>
