<?xml version="1.0" encoding="UTF-8"?>
<!DOCTYPE html PUBLIC "-//W3C//DTD XHTML 1.0 Transitional//EN"
    "http://www.w3.org/TR/xhtml1/DTD/xhtml1-transitional.dtd">
<html xmlns="http://www.w3.org/1999/xhtml" xml:lang="en" lang="en">
 <head>
  <title>
</title>
<meta http-equiv="Content-Type" content="text/html;charset=utf-8" />
  <meta name='ocr-system' content='tesseract 3.04.00' />
  <meta name='ocr-capabilities' content='ocr_page ocr_carea ocr_par ocr_line ocrx_word'/>
</head>
<body>
  <div class='ocr_page' id='page_1' title='image "./ccorneliitaciti04freigoog_0341.png"; bbox 0 0 3259 5284; ppageno 0'>
   <div class='ocr_carea' id='block_1_1' title="bbox 497 556 1269 658">
    <p class='ocr_par' dir='ltr' id='par_1_1' title="bbox 497 556 1269 658">
     <span class='ocr_line' id='line_1_1' title="bbox 497 556 1269 658; baseline -0.003 -22"><span class='ocrx_word' id='word_1_1' title='bbox 497 556 1017 637; x_wconf 53' lang='lat' dir='ltr'>unumunurm.</span> <span class='ocrx_word' id='word_1_2' title='bbox 1196 561 1269 658; x_wconf 81' lang='lat'>283</span> 
     </span>
    </p>
   </div>
   <div class='ocr_carea' id='block_1_2' title="bbox 258 731 1274 4057">
    <p class='ocr_par' dir='ltr' id='par_1_2' title="bbox 291 731 1274 1409">
     <span class='ocr_line' id='line_1_2' title="bbox 291 731 1270 837; baseline -0.004 -26"><span class='ocrx_word' id='word_1_3' title='bbox 291 736 486 813; x_wconf 87' lang='lat' dir='ltr'>inlustrium</span> <span class='ocrx_word' id='word_1_4' title='bbox 525 737 695 828; x_wconf 86' lang='lat' dir='ltr'>virorum,</span> <span class='ocrx_word' id='word_1_5' title='bbox 745 762 870 837; x_wconf 86' lang='lat' dir='ltr'>expers</span> <span class='ocrx_word' id='word_1_6' title='bbox 911 738 1012 809; x_wconf 88' lang='lat' dir='ltr'>erat?</span> <span class='ocrx_word' id='word_1_7' title='bbox 1061 733 1097 807; x_wconf 86' lang='lat' dir='ltr'>ni</span> <span class='ocrx_word' id='word_1_8' title='bbox 1138 731 1270 823; x_wconf 87' lang='lat' dir='ltr'>Celsus,</span> 
     </span>
     <span class='ocr_line' id='line_1_3' title="bbox 292 853 1271 947; baseline -0.002 -16"><span class='ocrx_word' id='word_1_9' title='bbox 292 859 445 931; x_wconf 82' lang='lat' dir='ltr'>Urbanae</span> <span class='ocrx_word' id='word_1_10' title='bbox 483 854 632 931; x_wconf 87' lang='lat' dir='ltr'>cohortis</span> <span class='ocrx_word' id='word_1_11' title='bbox 670 857 841 947; x_wconf 85' lang='lat' dir='ltr'>tribunus,</span> <span class='ocrx_word' id='word_1_12' title='bbox 885 876 963 929; x_wconf 92' lang='lat' dir='ltr'>tum</span> <span class='ocrx_word' id='word_1_13' title='bbox 1002 853 1092 927; x_wconf 90' lang='lat' dir='ltr'>inter</span> <span class='ocrx_word' id='word_1_14' title='bbox 1123 853 1271 943; x_wconf 76' lang='lat' dir='ltr'>indices,</span> 
     </span>
     <span class='ocr_line' id='line_1_4' title="bbox 293 974 1273 1073; baseline -0.004 -23"><span class='ocrx_word' id='word_1_15' title='bbox 293 976 457 1073; x_wconf 88' lang='lat' dir='ltr'>Appium</span> <span class='ocrx_word' id='word_1_16' title='bbox 483 982 516 1050; x_wconf 70' lang='lat' dir='ltr'>a</span> <span class='ocrx_word' id='word_1_17' title='bbox 534 976 723 1049; x_wconf 73' lang='lat' dir='ltr'>Calvisium</span> <span class='ocrx_word' id='word_1_18' title='bbox 746 974 933 1048; x_wconf 84' lang='lat' dir='ltr'>discrimini</span> <span class='ocrx_word' id='word_1_19' title='bbox 956 974 1145 1047; x_wconf 76' lang='lat' dir='ltr'>exemisset.</span> <span class='ocrx_word' id='word_1_20' title='bbox 1194 975 1273 1046; x_wconf 83' lang='lat' dir='ltr'>Cae·</span> 
     </span>
     <span class='ocr_line' id='line_1_5' title="bbox 291 1092 1273 1191; baseline -0.004 -22"><span class='ocrx_word' id='word_1_21' title='bbox 291 1093 343 1169; x_wconf 89' lang='lat' dir='ltr'>sar</span> <span class='ocrx_word' id='word_1_22' title='bbox 366 1096 546 1185; x_wconf 89' lang='lat' dir='ltr'>Pollionis,</span> <span class='ocrx_word' id='word_1_23' title='bbox 576 1120 617 1168; x_wconf 86' lang='lat' dir='ltr'>ac</span> <span class='ocrx_word' id='word_1_24' title='bbox 633 1094 820 1187; x_wconf 87' lang='lat' dir='ltr'>Viniciani,</span> <span class='ocrx_word' id='word_1_25' title='bbox 848 1094 1036 1191; x_wconf 84' lang='lat' dir='ltr'>Scaurique</span> <span class='ocrx_word' id='word_1_26' title='bbox 1057 1092 1209 1182; x_wconf 89' lang='lat' dir='ltr'>causam,</span> <span class='ocrx_word' id='word_1_27' title='bbox 1233 1111 1273 1165; x_wconf 77' lang='lat' dir='ltr'>ut</span> 
     </span>
     <span class='ocr_line' id='line_1_6' title="bbox 293 1208 1274 1313; baseline -0.003 -26"><span class='ocrx_word' id='word_1_28' title='bbox 293 1214 365 1313; x_wconf 89' lang='lat' dir='ltr'>ipse</span> <span class='ocrx_word' id='word_1_29' title='bbox 386 1240 468 1289; x_wconf 90' lang='lat' dir='ltr'>cum</span> <span class='ocrx_word' id='word_1_30' title='bbox 491 1215 605 1288; x_wconf 87' lang='lat' dir='ltr'>senatu</span> <span class='ocrx_word' id='word_1_31' title='bbox 634 1212 799 1305; x_wconf 89' lang='lat' dir='ltr'>nosceret,</span> <span class='ocrx_word' id='word_1_32' title='bbox 831 1211 987 1297; x_wconf 91' lang='lat' dir='ltr'>distulit;</span> <span class='ocrx_word' id='word_1_33' title='bbox 1021 1210 1108 1285; x_wconf 88' lang='lat' dir='ltr'>datis</span> <span class='ocrx_word' id='word_1_34' title='bbox 1132 1208 1274 1310; x_wconf 91' lang='lat' dir='ltr'>quibus-</span> 
     </span>
     <span class='ocr_line' id='line_1_7' title="bbox 292 1332 899 1409; baseline -0.003 -2"><span class='ocrx_word' id='word_1_35' title='bbox 292 1336 378 1409; x_wconf 83' lang='lat' dir='ltr'>dam</span> <span class='ocrx_word' id='word_1_36' title='bbox 395 1335 430 1407; x_wconf 93' lang='lat' dir='ltr'>in</span> <span class='ocrx_word' id='word_1_37' title='bbox 447 1338 613 1408; x_wconf 81' lang='lat' dir='ltr'>Scaurum</span> <span class='ocrx_word' id='word_1_38' title='bbox 629 1334 780 1407; x_wconf 87' lang='lat' dir='ltr'>tristibus</span> <span class='ocrx_word' id='word_1_39' title='bbox 797 1332 899 1406; x_wconf 91' lang='lat' dir='ltr'>notis.</span> 
     </span>
    </p>

    <p class='ocr_par' dir='ltr' id='par_1_3' title="bbox 258 1447 1274 3818">
     <span class='ocr_line' id='line_1_8' title="bbox 341 1447 1274 1551; baseline -0.01 -21"><span class='ocrx_word' id='word_1_40' title='bbox 341 1456 390 1530; x_wconf 87' lang='lat' dir='ltr'>X.</span> <span class='ocrx_word' id='word_1_41' title='bbox 417 1458 480 1529; x_wconf 79' lang='lat' dir='ltr'>Na</span> <span class='ocrx_word' id='word_1_42' title='bbox 502 1477 668 1528; x_wconf 69' lang='lat' dir='ltr'>rantum</span> <span class='ocrx_word' id='word_1_43' title='bbox 685 1454 829 1551; x_wconf 89' lang='lat' dir='ltr'>quidem</span> <span class='ocrx_word' id='word_1_44' title='bbox 848 1450 997 1524; x_wconf 83' lang='lat' dir='ltr'>exsortes</span> <span class='ocrx_word' id='word_1_45' title='bbox 1014 1447 1183 1547; x_wconf 86' lang='lat' dir='ltr'>periculi:</span> <span class='ocrx_word' id='word_1_46' title='bbox 1202 1447 1274 1547; x_wconf 71' lang='lat' dir='ltr'>qui</span> 
     </span>
     <span class='ocr_line' id='line_1_9' title="bbox 294 1570 1274 1671; baseline -0.008 -22"><span class='ocrx_word' id='word_1_47' title='bbox 294 1575 511 1671; x_wconf 74' lang='lat' dir='ltr'>occupandae</span> <span class='ocrx_word' id='word_1_48' title='bbox 538 1572 738 1670; x_wconf 74' lang='lat' dir='ltr'>reipublice</span> <span class='ocrx_word' id='word_1_49' title='bbox 755 1570 855 1671; x_wconf 85' lang='lat' dir='ltr'>argui</span> <span class='ocrx_word' id='word_1_50' title='bbox 872 1597 945 1644; x_wconf 94' lang='lat' dir='ltr'>non</span> <span class='ocrx_word' id='word_1_51' title='bbox 960 1588 1132 1668; x_wconf 83' lang='lat' dir='ltr'>poterant,</span> <span class='ocrx_word' id='word_1_52' title='bbox 1160 1571 1208 1642; x_wconf 92' lang='lat' dir='ltr'>ob</span> <span class='ocrx_word' id='word_1_53' title='bbox 1225 1571 1274 1641; x_wconf 84' lang='lat' dir='ltr'>la·</span> 
     </span>
     <span class='ocr_line' id='line_1_10' title="bbox 295 1687 1273 1788; baseline -0.006 -23"><span class='ocrx_word' id='word_1_54' title='bbox 295 1692 421 1765; x_wconf 86' lang='lat' dir='ltr'>crimas</span> <span class='ocrx_word' id='word_1_55' title='bbox 450 1690 716 1765; x_wconf 85' lang='lat' dir='ltr'>incusabantur:</span> <span class='ocrx_word' id='word_1_56' title='bbox 754 1711 945 1788; x_wconf 86' lang='lat' dir='ltr'>necataque</span> <span class='ocrx_word' id='word_1_57' title='bbox 974 1690 1023 1763; x_wconf 90' lang='lat' dir='ltr'>est</span> <span class='ocrx_word' id='word_1_58' title='bbox 1048 1714 1133 1763; x_wconf 86' lang='lat' dir='ltr'>anus</span> <span class='ocrx_word' id='word_1_59' title='bbox 1165 1687 1273 1778; x_wconf 88' lang='lat' dir='ltr'>Vitia,</span> 
     </span>
     <span class='ocr_line' id='line_1_11' title="bbox 294 1806 1273 1907; baseline -0.004 -23"><span class='ocrx_word' id='word_1_60' title='bbox 294 1810 387 1884; x_wconf 88' lang='lat' dir='ltr'>Fufii</span> <span class='ocrx_word' id='word_1_61' title='bbox 417 1810 559 1883; x_wconf 88' lang='lat' dir='ltr'>Gemini</span> <span class='ocrx_word' id='word_1_62' title='bbox 589 1828 711 1900; x_wconf 90' lang='lat' dir='ltr'>mater,</span> <span class='ocrx_word' id='word_1_63' title='bbox 739 1808 837 1907; x_wconf 74' lang='lat' dir='ltr'>quod</span> <span class='ocrx_word' id='word_1_64' title='bbox 870 1810 934 1883; x_wconf 87' lang='lat' dir='ltr'>filii</span> <span class='ocrx_word' id='word_1_65' title='bbox 957 1834 1081 1883; x_wconf 88' lang='lat' dir='ltr'>necem</span> <span class='ocrx_word' id='word_1_66' title='bbox 1115 1806 1273 1883; x_wconf 75' lang='lat' dir='ltr'>flevisset.</span> 
     </span>
     <span class='ocr_line' id='line_1_12' title="bbox 294 1926 1271 2026; baseline -0.003 -23"><span class='ocrx_word' id='word_1_67' title='bbox 294 1930 388 2003; x_wconf 82' lang='lat' dir='ltr'>Haec</span> <span class='ocrx_word' id='word_1_68' title='bbox 409 1928 504 2025; x_wconf 89' lang='lat' dir='ltr'>apud</span> <span class='ocrx_word' id='word_1_69' title='bbox 527 1927 706 2002; x_wconf 87' lang='lat' dir='ltr'>senatum:</span> <span class='ocrx_word' id='word_1_70' title='bbox 734 1954 798 2002; x_wconf 88' lang='lat' dir='ltr'>nec</span> <span class='ocrx_word' id='word_1_71' title='bbox 825 1928 919 2003; x_wconf 90' lang='lat' dir='ltr'>secus</span> <span class='ocrx_word' id='word_1_72' title='bbox 941 1928 1036 2026; x_wconf 88' lang='lat' dir='ltr'>apud</span> <span class='ocrx_word' id='word_1_73' title='bbox 1057 1926 1271 2025; x_wconf 89' lang='lat' dir='ltr'>Principem,</span> 
     </span>
     <span class='ocr_line' id='line_1_13' title="bbox 294 2045 1273 2143; baseline 0.001 -24"><span class='ocrx_word' id='word_1_74' title='bbox 294 2045 509 2121; x_wconf 88' lang='lat' dir='ltr'>Vescularius</span> <span class='ocrx_word' id='word_1_75' title='bbox 536 2047 689 2139; x_wconf 89' lang='lat' dir='ltr'>Atticus,</span> <span class='ocrx_word' id='word_1_76' title='bbox 716 2073 756 2121; x_wconf 88' lang='lat' dir='ltr'>ac</span> <span class='ocrx_word' id='word_1_77' title='bbox 783 2048 898 2143; x_wconf 80' lang='lat' dir='ltr'>Julius</span> <span class='ocrx_word' id='word_1_78' title='bbox 919 2047 1079 2121; x_wconf 85' lang='lat' dir='ltr'>Marinus</span> <span class='ocrx_word' id='word_1_79' title='bbox 1106 2048 1152 2120; x_wconf 90' lang='lat' dir='ltr'>ad</span> <span class='ocrx_word' id='word_1_80' title='bbox 1177 2071 1273 2120; x_wconf 85' lang='lat' dir='ltr'>mor·</span> 
     </span>
     <span class='ocr_line' id='line_1_14' title="bbox 292 2165 1272 2265; baseline 0.001 -26"><span class='ocrx_word' id='word_1_81' title='bbox 292 2184 365 2241; x_wconf 88' lang='lat' dir='ltr'>tem</span> <span class='ocrx_word' id='word_1_82' title='bbox 381 2185 545 2265; x_wconf 83' lang='lat' dir='ltr'>aguntur,</span> <span class='ocrx_word' id='word_1_83' title='bbox 567 2190 587 2239; x_wconf 92' lang='lat' dir='ltr'>e</span> <span class='ocrx_word' id='word_1_84' title='bbox 608 2166 837 2241; x_wconf 78' lang='lat' dir='ltr'>vetustissimis</span> <span class='ocrx_word' id='word_1_85' title='bbox 864 2165 1085 2241; x_wconf 86' lang='lat' dir='ltr'>familiarium</span> <span class='ocrx_word' id='word_1_86' title='bbox 1096 2166 1272 2240; x_wconf 88' lang='lat' dir='ltr'>Rhodum</span> 
     </span>
     <span class='ocr_line' id='line_1_15' title="bbox 294 2282 1271 2386; baseline 0 -26"><span class='ocrx_word' id='word_1_87' title='bbox 294 2284 414 2377; x_wconf 89' lang='lat' dir='ltr'>secuti,</span> <span class='ocrx_word' id='word_1_88' title='bbox 448 2289 597 2385; x_wconf 85' lang='lat' dir='ltr'>&amp;apud</span> <span class='ocrx_word' id='word_1_89' title='bbox 629 2288 781 2386; x_wconf 87' lang='lat' dir='ltr'>Capreas</span> <span class='ocrx_word' id='word_1_90' title='bbox 810 2286 995 2359; x_wconf 85' lang='lat' dir='ltr'>individui.</span> <span class='ocrx_word' id='word_1_91' title='bbox 1045 2282 1271 2377; x_wconf 84' lang='lat' dir='ltr'>Vescularius,</span> 
     </span>
     <span class='ocr_line' id='line_1_16' title="bbox 293 2405 1269 2503; baseline -0.001 -24"><span class='ocrx_word' id='word_1_92' title='bbox 293 2405 493 2481; x_wconf 76' lang='lat' dir='ltr'>insidiarum</span> <span class='ocrx_word' id='word_1_93' title='bbox 511 2407 547 2481; x_wconf 89' lang='lat' dir='ltr'>in</span> <span class='ocrx_word' id='word_1_94' title='bbox 561 2405 737 2481; x_wconf 88' lang='lat' dir='ltr'>Libonem</span> <span class='ocrx_word' id='word_1_95' title='bbox 753 2405 1006 2479; x_wconf 86' lang='lat' dir='ltr'>internuntius:</span> <span class='ocrx_word' id='word_1_96' title='bbox 1034 2406 1175 2479; x_wconf 90' lang='lat' dir='ltr'>Marino</span> <span class='ocrx_word' id='word_1_97' title='bbox 1190 2430 1269 2503; x_wconf 88' lang='lat' dir='ltr'>par·</span> 
     </span>
     <span class='ocr_line' id='line_1_17' title="bbox 292 2521 1273 2624; baseline 0.002 -27"><span class='ocrx_word' id='word_1_98' title='bbox 292 2526 409 2623; x_wconf 89' lang='lat' dir='ltr'>ticipe,</span> <span class='ocrx_word' id='word_1_99' title='bbox 430 2525 570 2624; x_wconf 83' lang='lat' dir='ltr'>Sejanus</span> <span class='ocrx_word' id='word_1_100' title='bbox 586 2526 746 2599; x_wconf 89' lang='lat' dir='ltr'>Curtium</span> <span class='ocrx_word' id='word_1_101' title='bbox 760 2525 922 2599; x_wconf 88' lang='lat' dir='ltr'>Atticum</span> <span class='ocrx_word' id='word_1_102' title='bbox 938 2526 1170 2621; x_wconf 82' lang='lat' dir='ltr'>oppresserat:</span> <span class='ocrx_word' id='word_1_103' title='bbox 1198 2521 1273 2624; x_wconf 76' lang='lat' dir='ltr'>qud</span> 
     </span>
     <span class='ocr_line' id='line_1_18' title="bbox 294 2640 1271 2743; baseline 0.001 -27"><span class='ocrx_word' id='word_1_104' title='bbox 294 2644 406 2719; x_wconf 75' lang='lat' dir='ltr'>laetius</span> <span class='ocrx_word' id='word_1_105' title='bbox 432 2666 629 2743; x_wconf 89' lang='lat' dir='ltr'>acceptum,</span> <span class='ocrx_word' id='word_1_106' title='bbox 657 2644 715 2718; x_wconf 86' lang='lat' dir='ltr'>sua</span> <span class='ocrx_word' id='word_1_107' title='bbox 736 2645 897 2741; x_wconf 84' lang='lat' dir='ltr'>exempla</span> <span class='ocrx_word' id='word_1_108' title='bbox 919 2644 955 2716; x_wconf 91' lang='lat' dir='ltr'>in</span> <span class='ocrx_word' id='word_1_109' title='bbox 983 2640 1192 2717; x_wconf 86' lang='lat' dir='ltr'>consultores</span> <span class='ocrx_word' id='word_1_110' title='bbox 1218 2669 1271 2717; x_wconf 86' lang='lat' dir='ltr'>re·</span> 
     </span>
     <span class='ocr_line' id='line_1_19' title="bbox 292 2761 1271 2861; baseline -0.001 -23"><span class='ocrx_word' id='word_1_111' title='bbox 292 2763 421 2838; x_wconf 84' lang='lat' dir='ltr'>cidiffe.</span> <span class='ocrx_word' id='word_1_112' title='bbox 470 2763 646 2838; x_wconf 82' lang='lat' dir='ltr'>Periclem</span> <span class='ocrx_word' id='word_1_113' title='bbox 670 2783 808 2861; x_wconf 91' lang='lat' dir='ltr'>tempus</span> <span class='ocrx_word' id='word_1_114' title='bbox 832 2766 878 2836; x_wconf 88' lang='lat' dir='ltr'>L.</span> <span class='ocrx_word' id='word_1_115' title='bbox 900 2762 992 2853; x_wconf 90' lang='lat' dir='ltr'>Piso,</span> <span class='ocrx_word' id='word_1_116' title='bbox 1019 2761 1192 2860; x_wconf 84' lang='lat' dir='ltr'>pontifex,</span> <span class='ocrx_word' id='word_1_117' title='bbox 1217 2789 1271 2837; x_wconf 81' lang='lat' dir='ltr'>ra-</span> 
     </span>
     <span class='ocr_line' id='line_1_20' title="bbox 258 2881 1271 2973; baseline -0.001 -17"><span class='ocrx_word' id='word_1_118' title='bbox 258 2896 259 2901; x_wconf 78' lang='grc'>’</span> <span class='ocrx_word' id='word_1_119' title='bbox 293 2910 373 2957; x_wconf 89' lang='lat' dir='ltr'>rum</span> <span class='ocrx_word' id='word_1_120' title='bbox 402 2884 439 2955; x_wconf 92' lang='lat' dir='ltr'>in</span> <span class='ocrx_word' id='word_1_121' title='bbox 467 2886 561 2956; x_wconf 70' lang='lat' dir='ltr'>tanti</span> <span class='ocrx_word' id='word_1_122' title='bbox 583 2882 800 2973; x_wconf 87' lang='lat' dir='ltr'>claritudine,</span> <span class='ocrx_word' id='word_1_123' title='bbox 824 2881 897 2955; x_wconf 84' lang='lat' dir='ltr'>fato</span> <span class='ocrx_word' id='word_1_124' title='bbox 919 2882 1032 2955; x_wconf 91' lang='lat' dir='ltr'>obiit:</span> <span class='ocrx_word' id='word_1_125' title='bbox 1060 2881 1190 2955; x_wconf 87' lang='lat' dir='ltr'>nullius</span> <span class='ocrx_word' id='word_1_126' title='bbox 1206 2881 1271 2955; x_wconf 88' lang='lat' dir='ltr'>ser·</span> 
     </span>
     <span class='ocr_line' id='line_1_21' title="bbox 292 3000 1271 3099; baseline -0.001 -23"><span class='ocrx_word' id='word_1_127' title='bbox 292 3003 371 3077; x_wconf 84' lang='lat' dir='ltr'>vilis</span> <span class='ocrx_word' id='word_1_128' title='bbox 396 3001 571 3076; x_wconf 77' lang='lat' dir='ltr'>sententia</span> <span class='ocrx_word' id='word_1_129' title='bbox 587 3002 707 3099; x_wconf 89' lang='lat' dir='ltr'>sponte</span> <span class='ocrx_word' id='word_1_130' title='bbox 730 3003 866 3090; x_wconf 77' lang='lat' dir='ltr'>auctor,</span> <span class='ocrx_word' id='word_1_131' title='bbox 896 3000 1108 3098; x_wconf 84' lang='lat' dir='ltr'>&amp;quotiens</span> <span class='ocrx_word' id='word_1_132' title='bbox 1131 3005 1271 3075; x_wconf 80' lang='lat' dir='ltr'>necessr-</span> 
     </span>
     <span class='ocr_line' id='line_1_22' title="bbox 290 3119 1271 3219; baseline 0 -24"><span class='ocrx_word' id='word_1_133' title='bbox 290 3140 342 3197; x_wconf 84' lang='lat' dir='ltr'>tas</span> <span class='ocrx_word' id='word_1_134' title='bbox 370 3122 560 3219; x_wconf 86' lang='lat' dir='ltr'>ingrueret,</span> <span class='ocrx_word' id='word_1_135' title='bbox 602 3119 770 3219; x_wconf 85' lang='lat' dir='ltr'>sapienter</span> <span class='ocrx_word' id='word_1_136' title='bbox 800 3121 996 3193; x_wconf 88' lang='lat' dir='ltr'>moderans.</span> <span class='ocrx_word' id='word_1_137' title='bbox 1032 3191 1036 3199; x_wconf 84' lang='grc'><strong>,</strong></span> <span class='ocrx_word' id='word_1_138' title='bbox 1069 3121 1209 3194; x_wconf 89' lang='lat' dir='ltr'>Patrem</span> <span class='ocrx_word' id='word_1_139' title='bbox 1238 3120 1271 3195; x_wconf 86' lang='lat' dir='ltr'>ei</span> 
     </span>
     <span class='ocr_line' id='line_1_23' title="bbox 290 3240 1272 3337; baseline 0 -22"><span class='ocrx_word' id='word_1_140' title='bbox 290 3240 481 3315; x_wconf 91' lang='lat' dir='ltr'>censorium</span> <span class='ocrx_word' id='word_1_141' title='bbox 499 3241 597 3315; x_wconf 88' lang='lat' dir='ltr'>suisse</span> <span class='ocrx_word' id='word_1_142' title='bbox 614 3240 830 3314; x_wconf 84' lang='lat' dir='ltr'>memoravi:</span> <span class='ocrx_word' id='word_1_143' title='bbox 860 3261 941 3313; x_wconf 76' lang='lat' dir='ltr'>atas</span> <span class='ocrx_word' id='word_1_144' title='bbox 957 3240 1003 3312; x_wconf 86' lang='lat' dir='ltr'>ad</span> <span class='ocrx_word' id='word_1_145' title='bbox 1021 3242 1272 3337; x_wconf 73' lang='lat' dir='ltr'>odogefirnum</span> 
     </span>
     <span class='ocr_line' id='line_1_24' title="bbox 294 3358 1273 3459; baseline -0.001 -24"><span class='ocrx_word' id='word_1_146' title='bbox 294 3388 428 3437; x_wconf 88' lang='lat' dir='ltr'>annum</span> <span class='ocrx_word' id='word_1_147' title='bbox 460 3364 638 3459; x_wconf 80' lang='lat' dir='ltr'>procedit:</span> <span class='ocrx_word' id='word_1_148' title='bbox 678 3362 784 3434; x_wconf 90' lang='lat' dir='ltr'>decus</span> <span class='ocrx_word' id='word_1_149' title='bbox 813 3360 1022 3457; x_wconf 85' lang='lat' dir='ltr'>triumphale</span> <span class='ocrx_word' id='word_1_150' title='bbox 1054 3358 1091 3432; x_wconf 94' lang='lat' dir='ltr'>in</span> <span class='ocrx_word' id='word_1_151' title='bbox 1121 3360 1273 3435; x_wconf 66' lang='lat' dir='ltr'>Thraci!</span> 
     </span>
     <span class='ocr_line' id='line_1_25' title="bbox 294 3478 1269 3577; baseline -0.002 -21"><span class='ocrx_word' id='word_1_152' title='bbox 294 3502 489 3556; x_wconf 89' lang='lat' dir='ltr'>meruerat:</span> <span class='ocrx_word' id='word_1_153' title='bbox 517 3478 574 3554; x_wconf 84' lang='lat' dir='ltr'>sed</span> <span class='ocrx_word' id='word_1_154' title='bbox 599 3480 773 3577; x_wconf 72' lang='lat' dir='ltr'>precipua</span> <span class='ocrx_word' id='word_1_155' title='bbox 790 3504 835 3553; x_wconf 87' lang='lat' dir='ltr'>ex</span> <span class='ocrx_word' id='word_1_156' title='bbox 851 3503 894 3552; x_wconf 91' lang='lat' dir='ltr'>co</span> <span class='ocrx_word' id='word_1_157' title='bbox 911 3478 1038 3577; x_wconf 85' lang='lat' dir='ltr'>gloria,</span> <span class='ocrx_word' id='word_1_158' title='bbox 1062 3478 1158 3577; x_wconf 74' lang='lat' dir='ltr'>quod</span> <span class='ocrx_word' id='word_1_159' title='bbox 1181 3506 1269 3577; x_wconf 77' lang='lat' dir='ltr'>pre·</span> 
     </span>
     <span class='ocr_line' id='line_1_26' title="bbox 292 3598 1270 3697; baseline 0.004 -26"><span class='ocrx_word' id='word_1_160' title='bbox 292 3598 403 3674; x_wconf 78' lang='lat' dir='ltr'>seclus</span> <span class='ocrx_word' id='word_1_161' title='bbox 420 3601 512 3675; x_wconf 92' lang='lat' dir='ltr'>Urbi</span> <span class='ocrx_word' id='word_1_162' title='bbox 528 3600 659 3690; x_wconf 75' lang='lat' dir='ltr'>recens,</span> <span class='ocrx_word' id='word_1_163' title='bbox 674 3600 877 3673; x_wconf 89' lang='lat' dir='ltr'>continuam</span> <span class='ocrx_word' id='word_1_164' title='bbox 894 3600 1115 3697; x_wconf 87' lang='lat' dir='ltr'>potestatem,</span> <span class='ocrx_word' id='word_1_165' title='bbox 1135 3600 1270 3675; x_wconf 84' lang='lat' dir='ltr'>&amp;inso-</span> 
     </span>
     <span class='ocr_line' id='line_1_27' title="bbox 290 3717 1147 3818; baseline 0.004 -30"><span class='ocrx_word' id='word_1_166' title='bbox 290 3718 395 3793; x_wconf 71' lang='lat' dir='ltr'>lentil</span> <span class='ocrx_word' id='word_1_167' title='bbox 418 3720 560 3816; x_wconf 87' lang='lat' dir='ltr'>parendi</span> <span class='ocrx_word' id='word_1_168' title='bbox 579 3719 787 3818; x_wconf 66' lang='lat' dir='ltr'>graviorem</span> <span class='ocrx_word' id='word_1_169' title='bbox 813 3717 900 3791; x_wconf 77' lang='lat' dir='ltr'>mire</span> <span class='ocrx_word' id='word_1_170' title='bbox 925 3719 1147 3817; x_wconf 88' lang='lat' dir='ltr'>temperavit.</span> 
     </span>
    </p>

    <p class='ocr_par' dir='ltr' id='par_1_4' title="bbox 290 3836 1268 4057">
     <span class='ocr_line' id='line_1_28' title="bbox 339 3836 1267 3936; baseline 0.004 -27"><span class='ocrx_word' id='word_1_171' title='bbox 339 3840 405 3910; x_wconf 91' lang='lat' dir='ltr'>XI.</span> <span class='ocrx_word' id='word_1_172' title='bbox 431 3840 613 3925; x_wconf 57' lang='lat' dir='ltr'>Narrant</span> <span class='ocrx_word' id='word_1_173' title='bbox 644 3858 755 3928; x_wconf 85' lang='lat' dir='ltr'>antea,</span> <span class='ocrx_word' id='word_1_174' title='bbox 790 3836 951 3935; x_wconf 75' lang='lat' dir='ltr'>profectis</span> <span class='ocrx_word' id='word_1_175' title='bbox 974 3840 1083 3913; x_wconf 93' lang='lat' dir='ltr'>domo</span> <span class='ocrx_word' id='word_1_176' title='bbox 1110 3839 1267 3936; x_wconf 86' lang='lat' dir='ltr'>regibus,</span> 
     </span>
     <span class='ocr_line' id='line_1_29' title="bbox 290 3956 1268 4057; baseline 0.006 -30"><span class='ocrx_word' id='word_1_177' title='bbox 290 3978 331 4027; x_wconf 77' lang='lat' dir='ltr'>tc</span> <span class='ocrx_word' id='word_1_178' title='bbox 347 3980 434 4029; x_wconf 81' lang='lat' dir='ltr'>mox</span> <span class='ocrx_word' id='word_1_179' title='bbox 457 3956 722 4055; x_wconf 83' lang='lat' dir='ltr'>magistratibus,</span> <span class='ocrx_word' id='word_1_180' title='bbox 741 3982 785 4031; x_wconf 93' lang='lat' dir='ltr'>ne</span> <span class='ocrx_word' id='word_1_181' title='bbox 801 3960 899 4031; x_wconf 88' lang='lat' dir='ltr'>Urbs</span> <span class='ocrx_word' id='word_1_182' title='bbox 915 3962 984 4032; x_wconf 79' lang='lat' dir='ltr'>sine</span> <span class='ocrx_word' id='word_1_183' title='bbox 996 3958 1147 4057; x_wconf 89' lang='lat' dir='ltr'>imperio</span> <span class='ocrx_word' id='word_1_184' title='bbox 1163 3956 1268 4050; x_wconf 85' lang='lat' dir='ltr'>soret,</span> 
     </span>
    </p>
   </div>
   <div class='ocr_carea' id='block_1_3' title="bbox 0 0 1634 5284">
    <p class='ocr_par' dir='ltr' id='par_1_5' title="bbox 0 0 1634 5284">
     <span class='ocr_line' id='line_1_30' title="bbox 0 0 1634 5284; baseline 0 0"><span class='ocrx_word' id='word_1_185' title='bbox 0 0 1634 5284; x_wconf 95' lang='lat' dir='ltr'> </span> 
     </span>
    </p>
   </div>
  </div>
 </body>
</html>
