3259 5284
370 600 483 680 xxxvi

372 770 409 844 in
426 769 548 870 primis
571 767 634 847 nos
650 770 814 865 advertit,
841 772 939 872 quod
957 773 1139 870 permultis
1164 774 1265 866 locis,
1292 771 1357 850 nbi

373 903 457 966 'cum
473 889 716 990 superioribus,
741 895 777 966 h.
790 918 821 967 e.
843 895 979 966 Veneto
995 894 1178 968 Puteolani
1201 897 1236 967 ὅτ
1252 897 1358 969 Bero-

373 1009 494 1084 aldino
516 1006 698 1103 consentit,
726 1011 871 1111 corrigit
887 1032 1039 1102 textum,
1066 1014 1169 1109 plane
1189 1034 1230 1087 ut
1252 1015 1362 1088 habet

373 1130 431 1202 ed.
455 1129 637 1228 princeps3
667 1129 764 1229 cujus
790 1149 909 1205 tamen
938 1133 1071 1214 nullam
1098 1128 1231 1229 uspiam
1257 1157 1359 1206 men·

374 1246 507 1321 tionem
523 1248 628 1324 facit:
655 1251 759 1336 velut.
769 1255 817 1324 A.
841 1251 927 1341 XII,
960 1254 1096 1348 16,19.
1121 1250 1201 1338 bis;
1228 1250 1361 1348 inquo

375 1368 457 1456 loco
470 1369 571 1444 nobis
588 1370 675 1443 fides
688 1367 760 1468 ejus
778 1395 885 1468 prope
901 1368 1054 1468 suspesia
1069 1368 1161 1444 fuit:
1187 1371 1273 1460 XII,
1300 1393 1359 1466 32·

376 1505 465 1562 extr.
485 1488 550 1566 ,ubi
575 1515 639 1586 pro
652 1490 818 1586 Sylvarum
834 1489 986 1564 correxit
1001 1491 1155 1579 Silumm,
1181 1490 1297 1586 plane,
1321 1506 1363 1561 ut

375 1607 425 1682 est
439 1607 477 1681 in
502 1607 652 1682 editione
674 1607 842 1706 principe.
891 1609 959 1682 Sed
984 1606 1086 1682 facile
1108 1633 1189 1682 eum
1213 1608 1362 1683 absolvit

375 1731 452 1801 tum
467 1745 552 1801 nota
573 1726 637 1800 viri
654 1727 843 1826 integritas,
868 1747 946 1802 tum
971 1727 1163 1802 multitudo
1186 1728 1363 1818 locorum,

377 1871 458 1946 quae
487 1845 613 1944 pariter
636 1844 833 1944 corrigendi
856 1846 912 1920 ed.
938 1872 992 1944 pr.
1020 1843 1220 1920 facultatem
1244 1847 1362 1920 dabat.

377 1967 501 2062 Itaque
523 1963 585 2037 ista
607 1989 689 2038 eum
717 1966 774 2038 vel
797 1991 817 2038 e
843 1964 934 2039 libro
950 1965 1113 2056 Budenfi,
1137 1966 1196 2039 vel
1218 1964 1362 2063 ingenio

379 2084 512 2182 petiisse
528 2081 739 2182 putabimus.
787 2085 946 2157 Omnino
964 2084 1023 2157 ille
1039 2085 1129 2182 saepe
1142 2083 1189 2159 ita
1203 2084 1363 2184 corrigit,

380 2223 435 2295 ut,
461 2204 555 2278 unde
576 2202 742 2276 corredio
766 2200 879 2276 sumta
905 2207 958 2294 sit,
988 2228 1062 2277 non
1084 2202 1210 2277 dicat..
1241 2209 1364 2303 Atque

381 2348 427 2398 ex
456 2321 496 2395 iis
515 2320 681 2420 quasdam
703 2320 898 2395 aVidtorio
922 2322 1137 2423 excogitatas
1166 2323 1293 2421 reperi,
1323 2343 1363 2398 ut

381 2445 429 2516 A.
447 2443 513 2530 111,
548 2443 602 2513 18.
621 2443 679 2536 58¹.
707 2441 772 2531 IV,
795 2465 852 2538 73.
868 2463 936 2516 etc.
959 2467 1047 2541 quas
1074 2460 1192 2516 utrum
1214 2440 1366 2516 sumserit

381 2559 576 2634 avidiorio
604 2564 638 2632 δι
666 2558 730 2634 sub
759 2559 902 2633 nomine
928 2557 990 2634 suo
1017 2559 1178 2652 ediderit,
1209 2585 1254 2634 an
1282 2586 1365 2634 cum

382 2676 551 2768 Vistorio,
574 2677 611 2752 id
628 2679 725 2774 quod
752 2678 867 2775 potuit
883 2678 1055 2772 accidere,
1082 2679 1119 2753 in
1141 2679 1265 2753 cadem
1280 2704 1366 2753 con·

357 2795 519 2898 jetturae
548 2797 693 2897 vestigia
721 2797 915 2889 incurrerit,
957 2823 1029 2872 non
1061 2798 1210 2873 audeam
1238 2796 1367 2872 dicere.

383 2919 427 2992 In
456 2916 644 2992 Germania
667 2903 745 2990 usus
762 2917 811 2990 est
833 2917 987 2991 editione
1012 2917 1080 2992 alia
1101 2919 1221 2992 italica
1234 2937 1364 3007 vetere,

384 3039 434 3112 'de
448 3062 517 3136 qua
533 3035 654 3126 infra†
671 3035 839 3109 dicemus.
868 3037 910 3108 In
920 3038 1087 3133 Agricola
1103 3039 1137 3108 &
1149 3036 1305 3135 Dialogo
1321 3036 1368 3110 de·

386 3155 589 3232 Oratoribus
604 3152 676 3226 solo
692 3153 836 3252 ingenio
848 3154 927 3228 usus
942 3154 1007 3228 est.'
1051 3155 1216 3228 Ceterum
1233 3155 1370 3228 addidit

387 3273 486 3348 initio
507 3273 622 3370 operis
639 3271 830 3365 susannam
853 3273 1102 3366 construllionum
1130 3273 1170 3345 ὅ
1191 3275 1371 3345 lontionum

390 3393 431 3466 ὃ
446 3417 564 3495 ¹vortam
585 3391 694 3463 Tacito
710 3391 900 3482 solennium,
926 3389 1038 3464 citatis
1061 3390 1166 3464 etiam
1194 3415 1239 3464 ex
1263 3390 1373 3465 Livio

391 3511 599 3611 plerumque
613 3507 842 3582 testimoniis:
868 3534 975 3606 quem
991 3509 1151 3586 libellum
1166 3509 1291 3584 rectius
1307 3509 1375 3585 suis

392 3627 620 3718 editionibus,
655 3628 823 3725 exemplo
861 3629 942 3702 Seb.
970 3627 1134 3726 Gryphii,
1164 3627 1377 3704 addidissent

393 3745 579 3836 Gronovii,
605 3771 712 3843 quam
727 3745 883 3822 Salinetii
899 3767 1011 3842 notas,
1042 3773 1128 3847 quas
1142 3748 1205 3846 ipsi
1222 3751 1376 3847 plerum,

393 3891 464 3965 que
479 3864 679 3964 nugatorias
695 3867 763 3940 effe
778 3864 949 3965 judicant.
1005 3867 1172 3967 Denique
1188 3867 1317 3943 Alciati
1339 3870 1376 3942 ἃ

392 3983 552 4068 Beroaldi
567 4003 659 4062 notae
687 3987 721 4060 &
738 3983 957 4085 prefatione·
983 3987 1113 4066 addita
1135 3988 1213 4088 sunt
1234 4013 1280 4064 ex
1300 3985 1376 4066 cdi-
