3259 5284
490 622 794 703 Aunnrrunr
829 623 943 700 er.
976 610 1040 699 ΙΙΙ.
1180 638 1244 725 175

271 800 300 844 ‘³
318 799 517 882 interfeslus
539 802 575 873 in
603 804 808 898 exemplum
838 800 925 875 ibit:
959 798 1071 873 studia
1111 796 1174 886 illi,
1210 815 1249 870 ur

273 924 422 1018 “plena
450 922 638 1012 vecordiae,
664 922 710 995 ita
734 920 849 995 inania
874 926 908 994 δι
935 924 1031 995 fluxa
1054 916 1155 992 sunt:
1183 942 1248 989 nec

272 1046 301 1082 “
319 1042 514 1140 quidquam
532 1066 640 1138 grave
664 1067 705 1114 ac
728 1039 854 1115 serium
881 1066 926 1113 ex
954 1042 996 1112 eb
1015 1057 1162 1127 metuas,
1188 1036 1251 1135 qui

273 1166 301 1202 “
318 1158 459 1233 suorum
480 1160 552 1257 ipse
567 1154 780 1259 flagitiomm
799 1158 971 1256 proditor,
999 1184 1071 1231 non
1093 1157 1251 1231 virorum

273 1286 303 1322 “
320 1279 456 1368 animis,
482 1279 540 1353 sed
564 1280 850 1352 muliercularum
874 1278 1019 1374 adrepit.
1068 1278 1178 1381 Cedat
1201 1296 1252 1349 ta·

273 1406 402 1473 “men
423 1401 539 1491 Urbe,
563 1404 612 1488 &‚
635 1399 735 1472 bonis
759 1398 898 1488 amiffis,
923 1398 1013 1495 aqud
1041 1401 1074 1469 δι
1102 1396 1176 1495 igni
1199 1421 1253 1469 ar-

274 1499 468 1591 “ceatur:
495 1518 593 1617 quod
623 1517 767 1614 perinde
792 1515 929 1607 censeo,
955 1542 996 1589 ac
1027 1519 1050 1589 fi
1075 1516 1153 1613 lege
1179 1539 1254 1587 ma-

275 1644 303 1680 “
315 1636 443 1735 jestatis
466 1638 676 1709 teneretur.''

324 1758 389 1829 LI.
414 1759 535 1829 Sonus
554 1755 696 1852 Lepido
723 1754 909 1829 Rubellius
941 1754 1092 1827 Blandus
1120 1778 1140 1826 e
1167 1779 1253 1827 con-

275 1871 441 1947 sularibus
457 1874 624 1947 adsensit:
652 1875 755 1947 ceteri
783 1872 985 1947 sententiam
1009 1872 1178 1971 Agrippa
1205 1871 1255 1946 se-

275 1992 374 2079 cuti;
398 1991 590 2090 ductusque
619 1993 657 2065 in
681 2019 855 2067 carcerem
883 1990 1031 2082 Priscus,
1064 2016 1105 2065 ac
1142 1992 1257 2067 statim

275 2111 506 2185 exanimatus.
555 2113 597 2185 ld
624 2111 786 2186 Tiberius
812 2111 918 2185 solitis
954 2112 1015 2186 fibi
1047 2110 1256 2209 ambagibus

275 2230 371 2326 apud
395 2228 550 2304 senatum
578 2230 760 2323 incusavit,
785 2233 869 2306 cum
892 2232 1074 2305 extolleret
1101 2238 1129 2273 “
1147 2232 1256 2327 pieta·

277 2356 306 2392 “
322 2370 409 2438 tem,
422 2350 584 2448 quamvis
600 2352 758 2426 modicas
775 2352 945 2452 Principis
970 2349 1108 2451 injurias
1135 2352 1259 2426 acriter

278 2476 306 2512 “
324 2466 597 2544 ulciscentium”
637 2473 890 2569 deprecaretur,
926 2479 953 2515 “
967 2492 1041 2545 tarn
1066 2471 1259 2569 praecipites

161 2662 169 2667 .
279 2591 517 2663 “verborum
540 2616 661 2686 poenas
675 2592 712 2662 :”
744 2592 899 2663 laudaret
921 2590 1115 2686 Lepidum,
1142 2616 1258 2687 neque

279 2707 480 2804 Agrippam
508 2728 678 2805 argueret.
738 2710 852 2807 Igitur
880 2708 1011 2781 factum
1040 2707 1258 2782 senatuscon-

278 2824 421 2915 sultum,
462 2834 491 2868 “
504 2851 550 2899 ne
582 2828 721 2900 decreta
753 2847 891 2923 patrum
925 2826 1128 2899 antediem
1163 2827 1258 2899 deei-

280 2951 308 2985 “
327 2970 442 3033 mum,
480 2944 525 3017 ad
557 2945 715 3018 aerarium
753 2942 990 3030 deferrentur;
1030 2944 1137 3041 idque
1176 2946 1258 3021 vitae

279 3060 475 3158 “spatium
499 3064 671 3136 damnatis
696 3083 942 3161 prorogaretur
956 3065 992 3134 :’'
1028 3062 1087 3135 sed
1111 3089 1182 3137 non
1207 3064 1257 3138 se-

277 3180 374 3253 natui
400 3180 539 3255 libertas
560 3184 606 3255 ad
628 3183 867 3279 paenitendum
892 3204 987 3269 erat3
1013 3206 1128 3281 neque
1149 3184 1259 3259 Tibe·

279 3299 551 3397 riusinterjeclu
572 3301 741 3398 temporis
762 3300 998 3399 mitigabatur.

329 3422 411 3494 Lll.
437 3422 480 3493 C.
505 3422 796 3511 Surrrcrus,D.
822 3420 991 3494 Haterius
1021 3421 1176 3497 consules
1204 3423 1255 3499 se·
1319 3510 1322 3519 Ι

279 3558 446 3635 quuntur.
496 3540 698 3613 Inturbidus
716 3540 867 3614 externis
889 3544 990 3615 rebus
1013 3568 1137 3632 annus,
1162 3544 1262 3617 domi

280 3656 433 3753 suspeslal
454 3658 631 3733 severitate
652 3660 840 3732 adversum
863 3662 1002 3751 luxum,
1029 3660 1089 3759 qui
1110 3662 1260 3737 immen-

282 3778 361 3848 sum
385 3799 585 3873 promperat
607 3780 652 3852 ad
678 3782 815 3870 cuncta,
840 3782 919 3877 quis
942 3781 1087 3877 pecunia
1105 3784 1261 3882 prodigi-

281 3914 349 3966 tur.
398 3895 466 3967 Sed
487 3896 555 3968 alia
575 3896 791 3995 sumptuum,
813 3898 975 3997 quamvis
1001 3900 1173 3997 graviora.
1195 3902 1261 3973 dis-

282 4012 444 4089 fimulatis
470 4016 677 4115 plemmque
702 4018 832 4116 pretiis,
862 4021 1149 4106 occultabantur3
1176 4045 1259 4093 ven-
