<?xml version="1.0" encoding="UTF-8"?>
<!DOCTYPE html PUBLIC "-//W3C//DTD XHTML 1.0 Transitional//EN"
    "http://www.w3.org/TR/xhtml1/DTD/xhtml1-transitional.dtd">
<html xmlns="http://www.w3.org/1999/xhtml" xml:lang="en" lang="en">
 <head>
  <title>
</title>
<meta http-equiv="Content-Type" content="text/html;charset=utf-8" />
  <meta name='ocr-system' content='tesseract 3.04.00' />
  <meta name='ocr-capabilities' content='ocr_page ocr_carea ocr_par ocr_line ocrx_word'/>
</head>
<body>
  <div class='ocr_page' id='page_1' title='image "./ccorneliitaciti04freigoog_0049.png"; bbox 0 0 3259 5284; ppageno 0'>
   <div class='ocr_carea' id='block_1_1' title="bbox 1152 671 1255 750">
    <p class='ocr_par' dir='ltr' id='par_1_1' title="bbox 1152 671 1255 750">
     <span class='ocr_line' id='line_1_1' title="bbox 1152 671 1255 750; baseline 0 0"><span class='ocrx_word' id='word_1_1' title='bbox 1152 671 1255 750; x_wconf 73' lang='lat' dir='ltr'><em>attur</em></span> 
     </span>
    </p>
   </div>
   <div class='ocr_carea' id='block_1_2' title="bbox 258 849 1256 2856">
    <p class='ocr_par' dir='ltr' id='par_1_2' title="bbox 258 849 1256 2856">
     <span class='ocr_line' id='line_1_2' title="bbox 271 849 1255 953; baseline -0.001 -29"><span class='ocrx_word' id='word_1_2' title='bbox 271 863 374 949; x_wconf 81' lang='lat' dir='ltr'><em>ceptus</em></span> <span class='ocrx_word' id='word_1_3' title='bbox 387 849 501 926; x_wconf 88' lang='lat' dir='ltr'><em>titulus</em></span> <span class='ocrx_word' id='word_1_4' title='bbox 520 853 571 951; x_wconf 78' lang='lat' dir='ltr'><em>est,</em></span> <span class='ocrx_word' id='word_1_5' title='bbox 594 854 672 926; x_wconf 85' lang='lat' dir='ltr'><em>libri</em></span> <span class='ocrx_word' id='word_1_6' title='bbox 684 853 840 949; x_wconf 81' lang='lat' dir='ltr'><em>sedecim,</em></span> <span class='ocrx_word' id='word_1_7' title='bbox 863 853 920 950; x_wconf 89' lang='lat' dir='ltr'><em>qui</em></span> <span class='ocrx_word' id='word_1_8' title='bbox 931 851 1111 950; x_wconf 77' lang='lat' dir='ltr'><em>supersunt,</em></span> <span class='ocrx_word' id='word_1_9' title='bbox 1127 855 1255 953; x_wconf 77' lang='lat' dir='ltr'><em>portior</em></span> 
     </span>
     <span class='ocr_line' id='line_1_3' title="bbox 269 971 1256 1070; baseline -0.001 -26"><span class='ocrx_word' id='word_1_10' title='bbox 269 972 355 1044; x_wconf 82' lang='lat' dir='ltr'><em>houd</em></span> <span class='ocrx_word' id='word_1_11' title='bbox 366 972 530 1064; x_wconf 85' lang='lat' dir='ltr'><em>osritaoter·</em></span> <span class='ocrx_word' id='word_1_12' title='bbox 545 974 695 1070; x_wconf 67' lang='lat' dir='ltr'><em>perlecti,</em></span> <span class='ocrx_word' id='word_1_13' title='bbox 714 975 854 1070; x_wconf 69' lang='lat' dir='ltr'><em>partim,</em></span> <span class='ocrx_word' id='word_1_14' title='bbox 873 990 980 1068; x_wconf 81' lang='lat' dir='ltr'><em>nempe</em></span> <span class='ocrx_word' id='word_1_15' title='bbox 999 971 1189 1069; x_wconf 79' lang='lat' dir='ltr'><em>posteriores,</em></span> <span class='ocrx_word' id='word_1_16' title='bbox 1211 971 1256 1043; x_wconf 84' lang='lat' dir='ltr'><em>od</em></span> 
     </span>
     <span class='ocr_line' id='line_1_4' title="bbox 270 1088 1256 1190; baseline 0.001 -27"><span class='ocrx_word' id='word_1_17' title='bbox 270 1094 429 1190; x_wconf 80' lang='lat' dir='ltr'><em>exemplar</em></span> <span class='ocrx_word' id='word_1_18' title='bbox 442 1093 682 1190; x_wconf 69' lang='lat' dir='ltr'><em>manuscriptum</em></span> <span class='ocrx_word' id='word_1_19' title='bbox 697 1096 849 1189; x_wconf 82' lang='lat' dir='ltr'><em>recogniti</em></span> <span class='ocrx_word' id='word_1_20' title='bbox 860 1114 971 1188; x_wconf 80' lang='lat' dir='ltr'><em>magna</em></span> <span class='ocrx_word' id='word_1_21' title='bbox 980 1088 1056 1181; x_wconf 76' lang='lat' dir='ltr'><em>fide,</em></span> <span class='ocrx_word' id='word_1_22' title='bbox 1071 1106 1126 1162; x_wconf 85' lang='lat' dir='ltr'><em>uec</em></span> <span class='ocrx_word' id='word_1_23' title='bbox 1139 1092 1256 1164; x_wconf 85' lang='lat' dir='ltr'><em>minore</em></span> 
     </span>
     <span class='ocr_line' id='line_1_5' title="bbox 264 1201 1255 1308; baseline -0.002 -26"><span class='ocrx_word' id='word_1_24' title='bbox 264 1211 394 1304; x_wconf 82' lang='lat' dir='ltr'><em>judicio,</em></span> <span class='ocrx_word' id='word_1_25' title='bbox 413 1229 476 1308; x_wconf 89' lang='lat' dir='ltr'><em>per</em></span> <span class='ocrx_word' id='word_1_26' title='bbox 496 1211 629 1284; x_wconf 84' lang='lat' dir='ltr'><em>Beatum</em></span> <span class='ocrx_word' id='word_1_27' title='bbox 648 1211 843 1285; x_wconf 82' lang='lat' dir='ltr'><em>Rhenanam.</em></span> <span class='ocrx_word' id='word_1_28' title='bbox 894 1209 992 1282; x_wconf 84' lang='lat' dir='ltr'><em>Nihil</em></span> <span class='ocrx_word' id='word_1_29' title='bbox 1012 1211 1064 1282; x_wconf 79' lang='lat' dir='ltr'><em>tic</em></span> <span class='ocrx_word' id='word_1_30' title='bbox 1081 1207 1175 1305; x_wconf 83' lang='lat' dir='ltr'><em>fingi,</em></span> <span class='ocrx_word' id='word_1_31' title='bbox 1198 1201 1255 1280; x_wconf 83' lang='lat' dir='ltr'><em>lo.</em></span> 
     </span>
     <span class='ocr_line' id='line_1_6' title="bbox 270 1327 1255 1429; baseline 0 -31"><span class='ocrx_word' id='word_1_32' title='bbox 270 1330 377 1402; x_wconf 89' lang='lat' dir='ltr'><em>cebunt</em></span> <span class='ocrx_word' id='word_1_33' title='bbox 391 1333 603 1428; x_wconf 50' lang='lat' dir='ltr'><em>restitutiones</em></span> <span class='ocrx_word' id='word_1_34' title='bbox 618 1331 692 1424; x_wconf 83' lang='lat' dir='ltr'><em>suis</em></span> <span class='ocrx_word' id='word_1_35' title='bbox 706 1357 832 1429; x_wconf 74' lang='lat' dir='ltr'><em>queque</em></span> <span class='ocrx_word' id='word_1_36' title='bbox 855 1331 948 1404; x_wconf 80' lang='lat' dir='ltr'><em>libris</em></span> <span class='ocrx_word' id='word_1_37' title='bbox 961 1331 1091 1401; x_wconf 83' lang='lat' dir='ltr'><em>olditae.</em></span> <span class='ocrx_word' id='word_1_38' title='bbox 1142 1327 1255 1400; x_wconf 84' lang='lat' dir='ltr'><em>Libel-</em></span> 
     </span>
     <span class='ocr_line' id='line_1_7' title="bbox 270 1447 1255 1546; baseline 0.002 -30"><span class='ocrx_word' id='word_1_39' title='bbox 270 1447 320 1518; x_wconf 90' lang='lat' dir='ltr'><em>lus</em></span> <span class='ocrx_word' id='word_1_40' title='bbox 346 1450 386 1522; x_wconf 81' lang='lat' dir='ltr'><em>ele</em></span> <span class='ocrx_word' id='word_1_41' title='bbox 410 1449 631 1523; x_wconf 84' lang='lat' dir='ltr'><em>Germanorum</em></span> <span class='ocrx_word' id='word_1_42' title='bbox 643 1452 778 1546; x_wconf 83' lang='lat' dir='ltr'><em>populis,</em></span> <span class='ocrx_word' id='word_1_43' title='bbox 812 1449 967 1546; x_wconf 82' lang='lat' dir='ltr'><em>Dialogus</em></span> <span class='ocrx_word' id='word_1_44' title='bbox 992 1449 1031 1520; x_wconf 85' lang='lat' dir='ltr'><em>de</em></span> <span class='ocrx_word' id='word_1_45' title='bbox 1057 1447 1255 1534; x_wconf 79' lang='lat' dir='ltr'><em>Oratoribus,</em></span> 
     </span>
     <span class='ocr_line' id='line_1_8' title="bbox 269 1565 1255 1670; baseline -0.001 -32"><span class='ocrx_word' id='word_1_46' title='bbox 269 1567 399 1664; x_wconf 84' lang='lat' dir='ltr'><em>denique</em></span> <span class='ocrx_word' id='word_1_47' title='bbox 417 1571 457 1642; x_wconf 82' lang='lat' dir='ltr'><em>ele</em></span> <span class='ocrx_word' id='word_1_48' title='bbox 475 1572 547 1641; x_wconf 86' lang='lat' dir='ltr'><em>vitu</em></span> <span class='ocrx_word' id='word_1_49' title='bbox 569 1565 660 1658; x_wconf 83' lang='lat' dir='ltr'><em>Julii</em></span> <span class='ocrx_word' id='word_1_50' title='bbox 685 1569 842 1670; x_wconf 85' lang='lat' dir='ltr'><em>Agricolae</em></span> <span class='ocrx_word' id='word_1_51' title='bbox 855 1591 912 1640; x_wconf 85' lang='lat' dir='ltr'><em>uon</em></span> <span class='ocrx_word' id='word_1_52' title='bbox 924 1570 1027 1661; x_wconf 85' lang='lat' dir='ltr'><em>solum</em></span> <span class='ocrx_word' id='word_1_53' title='bbox 1051 1567 1255 1640; x_wconf 84' lang='lat' dir='ltr'><em>emaculatius</em></span> 
     </span>
     <span class='ocr_line' id='line_1_9' title="bbox 264 1685 1254 1786; baseline 0.001 -29"><span class='ocrx_word' id='word_1_54' title='bbox 264 1687 429 1781; x_wconf 81' lang='lat' dir='ltr'><em>prodeunt,</em></span> <span class='ocrx_word' id='word_1_55' title='bbox 451 1687 517 1782; x_wconf 84' lang='lat' dir='ltr'><em>sed</em></span> <span class='ocrx_word' id='word_1_56' title='bbox 543 1685 584 1760; x_wconf 69' lang='lat' dir='ltr'><em>ssi</em></span> <span class='ocrx_word' id='word_1_57' title='bbox 606 1689 803 1784; x_wconf 82' lang='lat' dir='ltr'><em>explicatius,</em></span> <span class='ocrx_word' id='word_1_58' title='bbox 836 1689 995 1786; x_wconf 73' lang='lat' dir='ltr'><em>orly‘unltis</em></span> <span class='ocrx_word' id='word_1_59' title='bbox 1021 1691 1056 1758; x_wconf 87' lang='lat' dir='ltr'><em>irs</em></span> <span class='ocrx_word' id='word_1_60' title='bbox 1082 1686 1164 1759; x_wconf 79' lang='lat' dir='ltr'><em>bono</em></span> <span class='ocrx_word' id='word_1_61' title='bbox 1188 1710 1254 1758; x_wconf 88' lang='lat' dir='ltr'><em>reos</em></span> 
     </span>
     <span class='ocr_line' id='line_1_10' title="bbox 258 1790 1251 1906; baseline 0.002 -28"><span class='ocrx_word' id='word_1_62' title='bbox 258 1805 397 1896; x_wconf 82' lang='lat' dir='ltr'><em>scholiis.</em></span> <span class='ocrx_word' id='word_1_63' title='bbox 450 1807 543 1880; x_wconf 78' lang='lat' dir='ltr'><em>Hac</em></span> <span class='ocrx_word' id='word_1_64' title='bbox 560 1831 703 1904; x_wconf 90' lang='lat' dir='ltr'><em>quoque</em></span> <span class='ocrx_word' id='word_1_65' title='bbox 717 1790 828 1884; x_wconf 81' lang='lat' dir='ltr'><em>editio</em></span> <span class='ocrx_word' id='word_1_66' title='bbox 845 1807 966 1906; x_wconf 90' lang='lat' dir='ltr'><em>pulcra</em></span> <span class='ocrx_word' id='word_1_67' title='bbox 981 1805 1043 1896; x_wconf 86' lang='lat' dir='ltr'><em>est,</em></span> <span class='ocrx_word' id='word_1_68' title='bbox 1069 1829 1135 1879; x_wconf 90' lang='lat' dir='ltr'><em>nec</em></span> <span class='ocrx_word' id='word_1_69' title='bbox 1157 1807 1251 1880; x_wconf 84' lang='lat' dir='ltr'><em>mui-</em></span> 
     </span>
     <span class='ocr_line' id='line_1_11' title="bbox 272 1921 1251 2023; baseline 0.003 -27"><span class='ocrx_word' id='word_1_70' title='bbox 272 1943 347 1998; x_wconf 91' lang='lat' dir='ltr'><em>turn</em></span> <span class='ocrx_word' id='word_1_71' title='bbox 375 1925 466 1998; x_wconf 89' lang='lat' dir='ltr'><em>cedit</em></span> <span class='ocrx_word' id='word_1_72' title='bbox 489 1921 665 2022; x_wconf 74' lang='lat' dir='ltr'><em>superiori.</em></span> <span class='ocrx_word' id='word_1_73' title='bbox 714 1929 831 2000; x_wconf 86' lang='lat' dir='ltr'><em>Manu</em></span> <span class='ocrx_word' id='word_1_74' title='bbox 861 1925 1028 2022; x_wconf 82' lang='lat' dir='ltr'><em>scripturn</em></span> <span class='ocrx_word' id='word_1_75' title='bbox 1055 1926 1251 2023; x_wconf 79' lang='lat' dir='ltr'><em>exemplar,</em></span> 
     </span>
     <span class='ocr_line' id='line_1_12' title="bbox 271 2043 1252 2144; baseline 0.001 -27"><span class='ocrx_word' id='word_1_76' title='bbox 271 2069 344 2141; x_wconf 90' lang='lat' dir='ltr'><em>quo</em></span> <span class='ocrx_word' id='word_1_77' title='bbox 360 2045 393 2118; x_wconf 88' lang='lat' dir='ltr'><em>se</em></span> <span class='ocrx_word' id='word_1_78' title='bbox 409 2043 508 2118; x_wconf 87' lang='lat' dir='ltr'><em>usum</em></span> <span class='ocrx_word' id='word_1_79' title='bbox 521 2043 622 2135; x_wconf 88' lang='lat' dir='ltr'><em>dicit,</em></span> <span class='ocrx_word' id='word_1_80' title='bbox 645 2045 808 2144; x_wconf 84' lang='lat' dir='ltr'><em>intelligit</em></span> <span class='ocrx_word' id='word_1_81' title='bbox 826 2043 995 2137; x_wconf 86' lang='lat' dir='ltr'><em>Budense,</em></span> <span class='ocrx_word' id='word_1_82' title='bbox 1018 2047 1065 2119; x_wconf 85' lang='lat' dir='ltr'><em>de</em></span> <span class='ocrx_word' id='word_1_83' title='bbox 1082 2070 1154 2144; x_wconf 92' lang='lat' dir='ltr'><em>quo</em></span> <span class='ocrx_word' id='word_1_84' title='bbox 1170 2063 1252 2118; x_wconf 83' lang='lat' dir='ltr'><em>ante</em></span> 
     </span>
     <span class='ocr_line' id='line_1_13' title="bbox 270 2162 1251 2274; baseline 0.004 -38"><span class='ocrx_word' id='word_1_85' title='bbox 270 2162 416 2238; x_wconf 67' lang='lat' dir='ltr'><em>ditium.</em></span> <span class='ocrx_word' id='word_1_86' title='bbox 466 2163 613 2274; x_wconf 62' lang='lat' dir='ltr'><em>Editum</em></span> <span class='ocrx_word' id='word_1_87' title='bbox 642 2165 779 2240; x_wconf 88' lang='lat' dir='ltr'><em>nullum</em></span> <span class='ocrx_word' id='word_1_88' title='bbox 805 2163 941 2256; x_wconf 77' lang='lat' dir='ltr'><em>habuit,</em></span> <span class='ocrx_word' id='word_1_89' title='bbox 974 2166 1073 2263; x_wconf 91' lang='lat' dir='ltr'><em>quod</em></span> <span class='ocrx_word' id='word_1_90' title='bbox 1104 2165 1251 2263; x_wconf 86' lang='lat' dir='ltr'><em>quidem</em></span> 
     </span>
     <span class='ocr_line' id='line_1_14' title="bbox 269 2264 1249 2382; baseline 0.001 -27"><span class='ocrx_word' id='word_1_91' title='bbox 269 2280 428 2373; x_wconf 76' lang='lat' dir='ltr'><em>fateatur,</em></span> <span class='ocrx_word' id='word_1_92' title='bbox 452 2264 576 2380; x_wconf 62' lang='lat' dir='ltr'><em>prater</em></span> <span class='ocrx_word' id='word_1_93' title='bbox 597 2282 693 2380; x_wconf 84' lang='lat' dir='ltr'><em>prius</em></span> <span class='ocrx_word' id='word_1_94' title='bbox 716 2284 924 2358; x_wconf 76' lang='lat' dir='ltr'><em>Basileense:</em></span> <span class='ocrx_word' id='word_1_95' title='bbox 952 2285 1052 2382; x_wconf 91' lang='lat' dir='ltr'><em>quod</em></span> <span class='ocrx_word' id='word_1_96' title='bbox 1078 2280 1158 2359; x_wconf 86' lang='lat' dir='ltr'><em>sane</em></span> <span class='ocrx_word' id='word_1_97' title='bbox 1182 2284 1249 2360; x_wconf 86' lang='lat' dir='ltr'><em>mi·</em></span> 
     </span>
     <span class='ocr_line' id='line_1_15' title="bbox 269 2400 1250 2502; baseline 0.005 -28"><span class='ocrx_word' id='word_1_98' title='bbox 269 2402 418 2475; x_wconf 89' lang='lat' dir='ltr'><em>randum</em></span> <span class='ocrx_word' id='word_1_99' title='bbox 435 2400 646 2502; x_wconf 88' lang='lat' dir='ltr'><em>intempore</em></span> <span class='ocrx_word' id='word_1_100' title='bbox 671 2427 727 2492; x_wconf 87' lang='lat' dir='ltr'><em>eo,</em></span> <span class='ocrx_word' id='word_1_101' title='bbox 753 2428 826 2500; x_wconf 89' lang='lat' dir='ltr'><em>quo</em></span> <span class='ocrx_word' id='word_1_102' title='bbox 849 2401 949 2476; x_wconf 88' lang='lat' dir='ltr'><em>facile</em></span> <span class='ocrx_word' id='word_1_103' title='bbox 965 2402 1106 2501; x_wconf 87' lang='lat' dir='ltr'><em>reperiri</em></span> <span class='ocrx_word' id='word_1_104' title='bbox 1129 2403 1250 2502; x_wconf 83' lang='lat' dir='ltr'><em>primae</em></span> 
     </span>
     <span class='ocr_line' id='line_1_16' title="bbox 267 2521 1249 2620; baseline 0.001 -24"><span class='ocrx_word' id='word_1_105' title='bbox 267 2521 434 2596; x_wconf 84' lang='lat' dir='ltr'><em>editiones</em></span> <span class='ocrx_word' id='word_1_106' title='bbox 452 2542 622 2620; x_wconf 87' lang='lat' dir='ltr'><em>poterant.</em></span> <span class='ocrx_word' id='word_1_107' title='bbox 658 2527 709 2595; x_wconf 91' lang='lat' dir='ltr'><em>At</em></span> <span class='ocrx_word' id='word_1_108' title='bbox 725 2523 918 2596; x_wconf 85' lang='lat' dir='ltr'><em>Basrleenfis</em></span> <span class='ocrx_word' id='word_1_109' title='bbox 933 2521 1088 2620; x_wconf 85' lang='lat' dir='ltr'><em>exempli</em></span> <span class='ocrx_word' id='word_1_110' title='bbox 1110 2541 1249 2597; x_wconf 83' lang='lat' dir='ltr'><em>textum</em></span> 
     </span>
     <span class='ocr_line' id='line_1_17' title="bbox 268 2640 1246 2739; baseline -0.001 -25"><span class='ocrx_word' id='word_1_111' title='bbox 268 2641 327 2714; x_wconf 89' lang='lat' dir='ltr'><em>ille</em></span> <span class='ocrx_word' id='word_1_112' title='bbox 342 2646 504 2739; x_wconf 84' lang='lat' dir='ltr'><em>vulgatum</em></span> <span class='ocrx_word' id='word_1_113' title='bbox 520 2661 637 2732; x_wconf 90' lang='lat' dir='ltr'><em>vocat,</em></span> <span class='ocrx_word' id='word_1_114' title='bbox 657 2640 763 2714; x_wconf 88' lang='lat' dir='ltr'><em>etiam</em></span> <span class='ocrx_word' id='word_1_115' title='bbox 776 2640 838 2714; x_wconf 91' lang='lat' dir='ltr'><em>ubi</em></span> <span class='ocrx_word' id='word_1_116' title='bbox 854 2665 1037 2738; x_wconf 84' lang='lat' dir='ltr'><em>operarum</em></span> <span class='ocrx_word' id='word_1_117' title='bbox 1049 2641 1134 2714; x_wconf 87' lang='lat' dir='ltr'><em>vitio</em></span> <span class='ocrx_word' id='word_1_118' title='bbox 1148 2645 1246 2716; x_wconf 86' lang='lat' dir='ltr'><em>aber·</em></span> 
     </span>
     <span class='ocr_line' id='line_1_18' title="bbox 267 2759 1247 2856; baseline 0.001 -25"><span class='ocrx_word' id='word_1_119' title='bbox 267 2779 318 2832; x_wconf 86' lang='lat' dir='ltr'><em>rat</em></span> <span class='ocrx_word' id='word_1_120' title='bbox 337 2760 595 2851; x_wconf 78' lang='lat' dir='ltr'><em>aBeroaldino,</em></span> <span class='ocrx_word' id='word_1_121' title='bbox 621 2779 680 2834; x_wconf 89' lang='lat' dir='ltr'><em>aut</em></span> <span class='ocrx_word' id='word_1_122' title='bbox 698 2759 893 2834; x_wconf 86' lang='lat' dir='ltr'><em>Beroaldini</em></span> <span class='ocrx_word' id='word_1_123' title='bbox 916 2779 1058 2856; x_wconf 82' lang='lat' dir='ltr'><em>peccata</em></span> <span class='ocrx_word' id='word_1_124' title='bbox 1085 2762 1119 2832; x_wconf 79' lang='lat' dir='ltr'><em>te</em></span> <span class='ocrx_word' id='word_1_125' title='bbox 1147 2761 1247 2832; x_wconf 88' lang='lat' dir='ltr'><em>aber·</em></span> 
     </span>
    </p>
   </div>
   <div class='ocr_carea' id='block_1_3' title="bbox 266 2877 1401 2974">
    <p class='ocr_par' dir='ltr' id='par_1_3' title="bbox 266 2877 1401 2974">
     <span class='ocr_line' id='line_1_19' title="bbox 266 2877 1401 2974; baseline -0.003 -22"><span class='ocrx_word' id='word_1_126' title='bbox 266 2877 414 2953; x_wconf 83' lang='lat' dir='ltr'><em>rationes</em></span> <span class='ocrx_word' id='word_1_127' title='bbox 439 2881 484 2952; x_wconf 88' lang='lat' dir='ltr'><em>ab</em></span> <span class='ocrx_word' id='word_1_128' title='bbox 506 2881 562 2952; x_wconf 86' lang='lat' dir='ltr'><em>ed.</em></span> <span class='ocrx_word' id='word_1_129' title='bbox 588 2879 767 2954; x_wconf 85' lang='lat' dir='ltr'><em>Puteolani</em></span> <span class='ocrx_word' id='word_1_130' title='bbox 792 2877 925 2951; x_wconf 84' lang='lat' dir='ltr'><em>servat:</em></span> <span class='ocrx_word' id='word_1_131' title='bbox 956 2877 1054 2974; x_wconf 91' lang='lat' dir='ltr'><em>quod</em></span> <span class='ocrx_word' id='word_1_132' title='bbox 1081 2901 1153 2948; x_wconf 91' lang='lat' dir='ltr'><em>non</em></span> <span class='ocrx_word' id='word_1_133' title='bbox 1173 2902 1247 2950; x_wconf 90' lang='lat' dir='ltr'><em>uno</em></span> <span class='ocrx_word' id='word_1_134' title='bbox 1397 2906 1401 2925; x_wconf 73' lang='lat'><strong><em>¹</em></strong></span> 
     </span>
    </p>
   </div>
   <div class='ocr_carea' id='block_1_4' title="bbox 254 2993 1249 3810">
    <p class='ocr_par' dir='ltr' id='par_1_4' title="bbox 254 2993 1249 3810">
     <span class='ocr_line' id='line_1_20' title="bbox 266 2993 1245 3092; baseline -0.002 -22"><span class='ocrx_word' id='word_1_135' title='bbox 266 2998 345 3072; x_wconf 90' lang='lat' dir='ltr'><em>loco</em></span> <span class='ocrx_word' id='word_1_136' title='bbox 382 2997 514 3072; x_wconf 73' lang='lat' dir='ltr'><em>saltum</em></span> <span class='ocrx_word' id='word_1_137' title='bbox 549 2996 861 3072; x_wconf 73' lang='lat' dir='ltr'><em>animadvertimus</em></span> <span class='ocrx_word' id='word_1_138' title='bbox 893 3015 1000 3092; x_wconf 85' lang='lat' dir='ltr'><em>atque</em></span> <span class='ocrx_word' id='word_1_139' title='bbox 1037 2993 1245 3068; x_wconf 87' lang='lat' dir='ltr'><em>notavimus.</em></span> 
     </span>
     <span class='ocr_line' id='line_1_21' title="bbox 266 3111 1249 3213; baseline -0.007 -21"><span class='ocrx_word' id='word_1_140' title='bbox 266 3119 321 3193; x_wconf 82' lang='lat' dir='ltr'><em>Sic</em></span> <span class='ocrx_word' id='word_1_141' title='bbox 342 3145 378 3194; x_wconf 91' lang='lat' dir='ltr'><em>v.</em></span> <span class='ocrx_word' id='word_1_142' title='bbox 391 3145 423 3193; x_wconf 90' lang='lat' dir='ltr'><em>c.</em></span> <span class='ocrx_word' id='word_1_143' title='bbox 448 3117 493 3192; x_wconf 93' lang='lat' dir='ltr'><em>ad</em></span> <span class='ocrx_word' id='word_1_144' title='bbox 512 3120 558 3191; x_wconf 82' lang='lat' dir='ltr'><em>A.</em></span> <span class='ocrx_word' id='word_1_145' title='bbox 576 3117 681 3206; x_wconf 88' lang='lat' dir='ltr'>XIII,</span> <span class='ocrx_word' id='word_1_146' title='bbox 700 3137 760 3213; x_wconf 84' lang='lat'><em>45.</em></span> <span class='ocrx_word' id='word_1_147' title='bbox 782 3111 891 3189; x_wconf 75' lang='lat' dir='ltr'><em>dicite</em></span> <span class='ocrx_word' id='word_1_148' title='bbox 921 3113 1114 3211; x_wconf 76' lang='lat' dir='ltr'><em>scripsimus</em></span> <span class='ocrx_word' id='word_1_149' title='bbox 1134 3122 1249 3213; x_wconf 60' lang='lat' dir='ltr'><em>poten:</em></span> 
     </span>
     <span class='ocr_line' id='line_1_22' title="bbox 264 3233 1247 3334; baseline -0.003 -24"><span class='ocrx_word' id='word_1_150' title='bbox 264 3241 343 3310; x_wconf 85' lang='lat' dir='ltr'><em>tium</em></span> <span class='ocrx_word' id='word_1_151' title='bbox 358 3241 392 3309; x_wconf 92' lang='lat' dir='ltr'><em>ei</em></span> <span class='ocrx_word' id='word_1_152' title='bbox 410 3239 573 3334; x_wconf 68' lang='lat' dir='ltr'><em>aely‘ieeret.</em></span> <span class='ocrx_word' id='word_1_153' title='bbox 614 3237 696 3330; x_wconf 78' lang='lat' dir='ltr'><em>jam</em></span> <span class='ocrx_word' id='word_1_154' title='bbox 725 3238 768 3308; x_wconf 85' lang='lat' dir='ltr'><em>fic</em></span> <span class='ocrx_word' id='word_1_155' title='bbox 786 3236 889 3332; x_wconf 87' lang='lat' dir='ltr'><em>plane</em></span> <span class='ocrx_word' id='word_1_156' title='bbox 910 3233 1092 3306; x_wconf 83' lang='lat' dir='ltr'><em>ediderant</em></span> <span class='ocrx_word' id='word_1_157' title='bbox 1108 3235 1247 3310; x_wconf 87' lang='lat' dir='ltr'><em>Puteol.</em></span> 
     </span>
     <span class='ocr_line' id='line_1_23' title="bbox 264 3354 1245 3450; baseline 0.002 -23"><span class='ocrx_word' id='word_1_158' title='bbox 264 3354 463 3429; x_wconf 83' lang='lat' dir='ltr'><em>Beroaldus.</em></span> <span class='ocrx_word' id='word_1_159' title='bbox 512 3355 581 3427; x_wconf 88' lang='lat' dir='ltr'><em>Sed</em></span> <span class='ocrx_word' id='word_1_160' title='bbox 605 3354 641 3427; x_wconf 92' lang='lat' dir='ltr'><em>in</em></span> <span class='ocrx_word' id='word_1_161' title='bbox 668 3354 843 3428; x_wconf 76' lang='lat' dir='ltr'><em>Basileensi</em></span> <span class='ocrx_word' id='word_1_162' title='bbox 866 3364 938 3426; x_wconf 85' lang='lat' dir='ltr'><em>erat</em></span> <span class='ocrx_word' id='word_1_163' title='bbox 957 3377 1141 3450; x_wconf 85' lang='lat' dir='ltr'><em>operarum</em></span> <span class='ocrx_word' id='word_1_164' title='bbox 1157 3355 1245 3430; x_wconf 90' lang='lat' dir='ltr'><em>vitio</em></span> 
     </span>
     <span class='ocr_line' id='line_1_24' title="bbox 254 3470 1244 3570; baseline -0.004 -26"><span class='ocrx_word' id='word_1_165' title='bbox 254 3476 438 3570; x_wconf 67' lang='lat' dir='ltr'><em>potorium.</em></span> <span class='ocrx_word' id='word_1_166' title='bbox 487 3475 573 3562; x_wconf 85' lang='lat' dir='ltr'><em>XV,</em></span> <span class='ocrx_word' id='word_1_167' title='bbox 592 3499 652 3566; x_wconf 93' lang='grc'><em>44.</em></span> <span class='ocrx_word' id='word_1_168' title='bbox 670 3493 757 3546; x_wconf 86' lang='lat' dir='ltr'><em>extr.</em></span> <span class='ocrx_word' id='word_1_169' title='bbox 772 3471 859 3544; x_wconf 91' lang='lat' dir='ltr'><em>dicit</em></span> <span class='ocrx_word' id='word_1_170' title='bbox 874 3470 907 3544; x_wconf 89' lang='lat' dir='ltr'><em>se</em></span> <span class='ocrx_word' id='word_1_171' title='bbox 924 3471 1089 3570; x_wconf 84' lang='lat' dir='ltr'><em>castigare</em></span> <span class='ocrx_word' id='word_1_172' title='bbox 1103 3474 1244 3569; x_wconf 86' lang='lat' dir='ltr'><em>obsrrme.</em></span> 
     </span>
     <span class='ocr_line' id='line_1_25' title="bbox 262 3589 1243 3690; baseline 0.006 -28"><span class='ocrx_word' id='word_1_173' title='bbox 262 3605 394 3664; x_wconf 85' lang='lat' dir='ltr'><em>rentur:</em></span> <span class='ocrx_word' id='word_1_174' title='bbox 419 3591 516 3690; x_wconf 88' lang='lat' dir='ltr'><em>quod</em></span> <span class='ocrx_word' id='word_1_175' title='bbox 538 3612 657 3666; x_wconf 87' lang='lat' dir='ltr'><em>tamen</em></span> <span class='ocrx_word' id='word_1_176' title='bbox 675 3591 723 3667; x_wconf 88' lang='lat' dir='ltr'><em>est</em></span> <span class='ocrx_word' id='word_1_177' title='bbox 746 3591 784 3664; x_wconf 89' lang='lat' dir='ltr'><em>in</em></span> <span class='ocrx_word' id='word_1_178' title='bbox 805 3589 970 3666; x_wconf 88' lang='lat' dir='ltr'><em>omnibus</em></span> <span class='ocrx_word' id='word_1_179' title='bbox 994 3611 1121 3690; x_wconf 83' lang='lat' dir='ltr'><em>praeter</em></span> <span class='ocrx_word' id='word_1_180' title='bbox 1144 3596 1243 3668; x_wconf 72' lang='lat' dir='ltr'><em>aaut.</em></span> 
     </span>
     <span class='ocr_line' id='line_1_26' title="bbox 258 3707 1243 3810; baseline 0.001 -26"><span class='ocrx_word' id='word_1_181' title='bbox 258 3707 513 3808; x_wconf 78' lang='lat' dir='ltr'><em>superioribus3</em></span> <span class='ocrx_word' id='word_1_182' title='bbox 539 3711 576 3786; x_wconf 92' lang='lat' dir='ltr'><em>in</em></span> <span class='ocrx_word' id='word_1_183' title='bbox 592 3735 662 3808; x_wconf 85' lang='lat' dir='ltr'><em>qua</em></span> <span class='ocrx_word' id='word_1_184' title='bbox 678 3737 793 3810; x_wconf 84' lang='lat' dir='ltr'><em>operae</em></span> <span class='ocrx_word' id='word_1_185' title='bbox 810 3711 938 3785; x_wconf 85' lang='lat' dir='ltr'><em>dedere</em></span> <span class='ocrx_word' id='word_1_186' title='bbox 961 3711 1083 3787; x_wconf 81' lang='lat' dir='ltr'><em>vitiose</em></span> <span class='ocrx_word' id='word_1_187' title='bbox 1101 3715 1243 3807; x_wconf 84' lang='lat' dir='ltr'><em>ubsreme-</em></span> 
     </span>
    </p>
   </div>
   <div class='ocr_carea' id='block_1_5' title="bbox 261 3830 1360 3932">
    <p class='ocr_par' dir='ltr' id='par_1_5' title="bbox 261 3830 1360 3932">
     <span class='ocr_line' id='line_1_27' title="bbox 261 3830 1360 3932; baseline 0.005 -29"><span class='ocrx_word' id='word_1_188' title='bbox 261 3842 361 3904; x_wconf 84' lang='lat' dir='ltr'><em>retur.</em></span> <span class='ocrx_word' id='word_1_189' title='bbox 377 3830 461 3904; x_wconf 84' lang='lat' dir='ltr'><em>add.</em></span> <span class='ocrx_word' id='word_1_190' title='bbox 478 3851 550 3905; x_wconf 86' lang='lat' dir='ltr'><em>not.</em></span> <span class='ocrx_word' id='word_1_191' title='bbox 567 3831 680 3910; x_wconf 84' lang='lat' dir='ltr'><em>adH.</em></span> <span class='ocrx_word' id='word_1_192' title='bbox 698 3833 762 3922; x_wconf 91' lang='lat' dir='ltr'><em>IV,</em></span> <span class='ocrx_word' id='word_1_193' title='bbox 785 3855 840 3920; x_wconf 89' lang='lat'><em>14.</em></span> <span class='ocrx_word' id='word_1_194' title='bbox 859 3855 917 3932; x_wconf 78' lang='lat'><em>73.</em></span> <span class='ocrx_word' id='word_1_195' title='bbox 933 3853 1020 3906; x_wconf 85' lang='lat' dir='ltr'><em>extr.</em></span> <span class='ocrx_word' id='word_1_196' title='bbox 1037 3851 1103 3908; x_wconf 89' lang='lat' dir='ltr'><em>etc.</em></span> <span class='ocrx_word' id='word_1_197' title='bbox 1143 3833 1242 3908; x_wconf 85' lang='lat' dir='ltr'><em>Con·</em></span> <span class='ocrx_word' id='word_1_198' title='bbox 1355 3856 1360 3862; x_wconf 88' lang='grc'><em>·</em></span> 
     </span>
    </p>
   </div>
   <div class='ocr_carea' id='block_1_6' title="bbox 259 3942 1241 4265">
    <p class='ocr_par' dir='ltr' id='par_1_6' title="bbox 259 3942 1241 4265">
     <span class='ocr_line' id='line_1_28' title="bbox 259 3942 1241 4051; baseline 0.006 -27"><span class='ocrx_word' id='word_1_199' title='bbox 259 3969 312 4024; x_wconf 77' lang='lat' dir='ltr'><em>tta</em></span> <span class='ocrx_word' id='word_1_200' title='bbox 333 3942 487 4049; x_wconf 54' lang='lat' dir='ltr'><em>alia&#39;ejus</em></span> <span class='ocrx_word' id='word_1_201' title='bbox 503 3969 646 4050; x_wconf 85' lang='lat' dir='ltr'><em>peccata</em></span> <span class='ocrx_word' id='word_1_202' title='bbox 662 3977 707 4026; x_wconf 90' lang='lat' dir='ltr'><em>ne</em></span> <span class='ocrx_word' id='word_1_203' title='bbox 723 3949 972 4028; x_wconf 85' lang='lat' dir='ltr'><em>animadvertit</em></span> <span class='ocrx_word' id='word_1_204' title='bbox 990 3952 1152 4051; x_wconf 86' lang='lat' dir='ltr'><em>quidem,</em></span> <span class='ocrx_word' id='word_1_205' title='bbox 1179 3981 1241 4029; x_wconf 87' lang='lat' dir='ltr'><em>ve·</em></span> 
     </span>
     <span class='ocr_line' id='line_1_29' title="bbox 260 4068 1241 4172; baseline 0.01 -31"><span class='ocrx_word' id='word_1_206' title='bbox 260 4068 313 4146; x_wconf 89' lang='lat' dir='ltr'><em>lut</em></span> <span class='ocrx_word' id='word_1_207' title='bbox 327 4093 384 4162; x_wconf 88' lang='lat' dir='ltr'><em>ea,</em></span> <span class='ocrx_word' id='word_1_208' title='bbox 410 4095 490 4170; x_wconf 80' lang='lat' dir='ltr'><em>quae</em></span> <span class='ocrx_word' id='word_1_209' title='bbox 505 4091 586 4146; x_wconf 86' lang='lat' dir='ltr'><em>ante</em></span> <span class='ocrx_word' id='word_1_210' title='bbox 607 4070 824 4164; x_wconf 82' lang='lat' dir='ltr'><em>notavimus,</em></span> <span class='ocrx_word' id='word_1_211' title='bbox 854 4075 1005 4172; x_wconf 78' lang='lat' dir='ltr'><em>&amp;plura</em></span> <span class='ocrx_word' id='word_1_212' title='bbox 1027 4073 1105 4158; x_wconf 81' lang='lat' dir='ltr'><em>alia.</em></span> <span class='ocrx_word' id='word_1_213' title='bbox 1147 4075 1241 4150; x_wconf 89' lang='lat' dir='ltr'><em>Illud</em></span> 
     </span>
     <span class='ocr_line' id='line_1_30' title="bbox 745 4216 812 4265; baseline -0.015 0"><span class='ocrx_word' id='word_1_214' title='bbox 745 4216 765 4265; x_wconf 91' lang='lat' dir='ltr'><strong>c</strong></span> <span class='ocrx_word' id='word_1_215' title='bbox 792 4217 812 4264; x_wconf 83' lang='lat' dir='ltr'><em>a</em></span> 
     </span>
    </p>
   </div>
   <div class='ocr_carea' id='block_1_7' title="bbox 0 0 1634 5284">
    <p class='ocr_par' dir='ltr' id='par_1_7' title="bbox 0 0 1634 5284">
     <span class='ocr_line' id='line_1_31' title="bbox 0 0 1634 5284; baseline 0 6"><span class='ocrx_word' id='word_1_216' title='bbox 0 0 1634 5284; x_wconf 95' lang='lat' dir='ltr'><em> </em></span> 
     </span>
    </p>
   </div>
  </div>
 </body>
</html>
