3259 5284
498 682 806 756 Auunrrunr
840 681 1003 756 Linl.
1232 709 1251 784 7
1303 719 1306 725 ·

276 850 372 924 bant.
398 852 541 950 Qrippe
556 879 673 926 rumor
694 852 884 942 incesserat,
912 876 1040 948 paucos
1056 873 1137 927 ante
1151 879 1251 928 men-

275 970 339 1062 ses,
364 973 577 1071 Augustum,
602 973 720 1046 electis
762 971 917 1063 consciis,
944 977 978 1045 ἂ
1011 972 1138 1045 comite
1180 1000 1251 1048 uno

277 1091 385 1166 Fabio
402 1091 579 1184 Maximo,
605 1095 796 1167 Planasiam
826 1095 981 1183 vedum,
1007 1095 1053 1166 ad
1069 1092 1251 1168 visendum

277 1210 484 1310 Agrippam.
509 1215 643 1286 Multas
659 1213 731 1287 illic
747 1213 923 1310 utrimque
940 1212 1110 1302 lacrimas,
1135 1217 1169 1286 ἃ
1183 1217 1249 1312 fig-

277 1356 323 1402 na
338 1329 498 1422 caritatis,
523 1330 690 1430 spemque
706 1359 752 1406 ex
769 1357 825 1422 e0‚
850 1331 922 1406 sore
940 1353 980 1405 ut
989 1331 1127 1430 juvenis
1144 1356 1250 1428 pena·

276 1449 367 1522 tibus
383 1451 439 1527 avi
454 1453 674 1525 redderetur:
695 1453 791 1549 quod
809 1451 1014 1524 Maximum
1031 1451 1133 1525 uxori
1150 1453 1250 1522 Mar·

276 1567 337 1642 ciae
365 1570 552 1667 aperuisse:
580 1571 677 1643 illam
705 1570 843 1644 Liviae:
873 1596 1020 1668 gnamm
1037 1570 1074 1644 id
1097 1567 1247 1642 Caesarie

276 1711 391 1784 neque
406 1688 517 1762 multi>
534 1689 622 1786 prist,
648 1691 817 1764 exstincto
830 1689 995 1763 Maximo
1019 1687 1189 1783 (dubium
1205 1713 1250 1760 an

277 1809 415 1902 quaefits
441 1811 569 1903 morte)
600 1809 736 1882 auditos
776 1809 813 1882 in
841 1806 1071 1906 funemque,
1103 1807 1249 1880 Marciae

277 1925 426 2022 gemitus
469 1926 574 2000 semet
606 1925 803 2018 incusantis,
831 1935 858 1970 “
889 1923 986 2024 quiid
1019 1923 1120 1999 causa
1151 1925 1249 1998 exitii

277 2045 455 2118 “marito
482 2045 630 2120 suisset.''
675 2049 883 2143 Utcumque
909 2043 943 2117 se
970 2070 1011 2118 ea
1034 2071 1086 2118 res
1111 2043 1248 2134 habuit,

275 2161 425 2236 vixdum
456 2164 622 2262 ingressus
667 2165 845 2260 Illyricum
877 2163 1053 2258 Tiberius,
1096 2163 1250 2261 properis

274 2282 392 2356 matris
408 2283 511 2357 literis
527 2284 679 2358 accitur:
711 2308 827 2381 neque
841 2281 918 2355 satis
951 2301 1169 2378 compertum
1186 2284 1249 2374 est,

273 2398 456 2498 spirantem
472 2405 587 2477 adhuc
613 2404 812 2502 Augustum
828 2403 935 2499 -apud
959 2405 1082 2476 urbem
1099 2404 1248 2493 Nolam,

272 2545 318 2593 an
334 2521 532 2596 exanimem
549 2523 719 2620 repererit.
748 2522 899 2596 Acribus
916 2546 1069 2618 namque
1085 2521 1248 2596 custodiis

270 2641 434 2731 domum,
464 2645 498 2714 sc
516 2642 588 2716 vias
604 2641 745 2740 sepserat
761 2642 889 2715 Livia:
914 2641 1054 2738 laetique
1071 2641 1249 2716 interdum

273 2759 387 2833 nuntii
413 2763 658 2860 vulgabantur‚
687 2763 800 2836 donec
829 2759 983 2858 provisrs,
1013 2783 1092 2855 quae
1108 2777 1249 2856 tempus

273 2881 450 2969 monebat,
490 2882 588 2953 fimul
627 2883 798 2955 excessisse
827 2878 1040 2977 Augustum,
1071 2880 1105 2950 δι
1131 2903 1247 2952 rerum

275 2997 377 3094 potiri
394 3000 570 3072 Neronem
587 2998 679 3072 sama
695 3001 818 3072 eadem
833 2997 924 3071 tulit.

321 3119 382 3190 VI.
399 3119 567 3192 Pnruunt
584 3117 716 3192 facinus
733 3117 817 3192 novi
834 3113 1045 3214 principatus
1068 3111 1149 3206 fuit,
1166 3113 1248 3188 Pos-

272 3237 361 3312 tumi
379 3237 546 3337 Agrippae
572 3240 706 3311 caedes:
737 3261 843 3335 quem
868 3235 1028 3334 ignarum
1044 3234 1247 3310 ‘inermum-

271 3382 353 3462 que‚
380 3356 539 3454 quamvis
553 3358 704 3430 firmatus
721 3356 852 3446 animo,
878 3354 1035 3429 centurio
1053 3379 1145 3454 aegre
1162 3377 1265 3428 con-‘

269 3475 362 3548 fecit.
413 3475 512 3547 Nihil
529 3477 573 3548 de
586 3479 625 3548 ed
640 3500 676 3548 re
686 3475 848 3549 Tiberius
861 3476 954 3570 apud
970 3471 1127 3547 senatum
1145 3475 1247 3549 disse-

269 3592 349 3667 mit.
381 3593 489 3666 Patris
508 3593 598 3692 jussa
623 3597 833 3684 fimulabat„
846 3593 974 3692 quibus
1001 3590 1248 3690 praescripsrffet

270 3701 410 3786 tribuno
427 3713 587 3787 custodiae
603 3716 772 3810 adpofito,
794 3719 824 3756 “
837 3734 881 3786 ne
891 3714 1104 3786 cunctaretur
1116 3710 1247 3808 Agrip-

270 3838 301 3874 “
320 3857 401 3929 pam
417 3853 527 3906 morte
543 3833 703 3922 adficere,
737 3831 948 3929 quandoque
963 3827 1033 3926 ipse
1049 3827 1249 3925 supremum

270 3952 413 4026 “diem
442 3951 681 4049 explevisset.''
713 3951 833 4024 Multa
857 3952 925 4022 stne
952 3947 1063 4022 dubio
1089 3943 1247 4044 saevaque

268 4071 447 4170 Augustus
463 4073 508 4146 de
523 4071 677 4148 moribus
704 4065 929 4144 adelescentis
946 4066 1098 4166 questus,
1127 4083 1168 4174 ut
1183 4087 1246 4136 ex·

740 4190 815 4280 B4
