3259 5284
380 670 450 743 312
605 646 1179 725 cconsemrmn

377 838 562 910 verterent,
588 824 783 895 metuebat:
808 822 941 920 quippe
961 822 1011 896 illi
1038 836 1110 896 non
1128 822 1269 919 perinde
1285 850 1348 899 cu-

374 966 420 1013 rae
458 938 566 1037 gratia
591 940 822 1037 presentium,
842 943 947 1038 quarn
965 942 1002 1014 in
1019 942 1172 1039 posteros
1193 943 1350 1017 ambitio.

375 1061 470 1131 Mox
487 1058 637 1133 incertus
653 1060 773 1149 animi,
791 1058 875 1134 sesso
891 1086 1050 1158 corpore,
1072 1060 1266 1152 consilium,
1291 1062 1349 1135 cui

376 1176 490 1275 impar
512 1200 595 1269 erat,
617 1177 689 1253 sato
713 1180 889 1277 permifit:
907 1178 1008 1277 jactis
1038 1200 1157 1253 tamen
1187 1181 1348 1273 vocibus,

375 1322 437 1395 per
456 1323 541 1395 quas
558 1297 805 1397 intelligeretur
821 1297 989 1395 providus
1004 1296 1214 1373 futurorum.
1235 1302 1273 1373 N
1275 1327 1349 1373 arn·

376 1443 446 1515 que
462 1418 641 1509 Macroni,
660 1444 732 1493 non
749 1418 867 1493 abditrl
886 1422 1048 1516 ambage,
1077 1419 1348 1495 “Occidentem

376 1543 404 1580 “
422 1538 466 1611 ab
499 1562 542 1609 eo
572 1536 692 1623 deseri,
718 1538 899 1612 Orientem
921 1537 1089 1636 spedari’'
1113 1540 1347 1636 exprobravit.

377 1654 636 1747 neocaesari,
663 1654 750 1729 sorte
775 1677 854 1730 orto
877 1657 1046 1747 sermone,
1071 1658 1118 1730 L.
1141 1658 1271 1730 Sullam
1291 1658 1345 1729 in-

375 1775 515 1866 ridenti,
543 1776 704 1849 “omnia
726 1777 830 1851 Sullae
847 1776 944 1867 vitia,
970 1782 1004 1851 br
1034 1778 1167 1851 nullam
1195 1774 1346 1874 ejusdem

375 1894 590 1969 “virtutem
617 1894 845 1970 habiturum''
871 1896 1059 1993 praedirrit:
1091 1898 1190 1970 fimul
1214 1900 1345 1972 crebris

374 2040 458 2088 cum
476 2014 625 2089 lacrimis
644 2014 818 2089 minorem
844 2039 888 2088 ex
912 2015 1096 2114 nepotibus
1122 2018 1345 2113 complexus,

374 2132 465 2208 truci
492 2133 631 2208 alterius
657 2136 782 2209 vultu:
810 2142 839 2179 “
855 2134 994 2209 occides
1008 2138 1101 2208 hunc
1118 2138 1198 2225 tu,''
1219 2137 1346 2234 inquit,

376 2260 404 2297 ‘⁶
423 2260 456 2328 δι
476 2274 509 2327 te
524 2254 648 2327 alius.'’
696 2256 765 2327 Sed
781 2253 998 2352 gravescente
1024 2256 1237 2345 valetudine,
1259 2257 1347 2330 nihil

375 2400 397 2449 e
418 2374 619 2449 libidinibus
641 2374 839 2465 omittebat,
863 2374 899 2445 in
915 2374 1078 2471 patientis
1094 2375 1347 2453 firmitudinem

375 2496 536 2568 simulans
548 2522 559 2578 ;
596 2490 778 2589 solitusque
817 2493 954 2565 eludere
995 2493 1215 2569 medicorum
1242 2515 1345 2588 artes,

375 2635 482 2712 atque
498 2638 571 2701 eos,
598 2610 658 2709 qui
675 2611 752 2707 post
776 2610 985 2685 tricefimum
1001 2614 1109 2687 aetatis
1132 2639 1280 2704 annum,
1302 2617 1347 2689 ad

376 2730 636 2807 internoscenda
659 2729 793 2827 corpori
811 2729 872 2803 suo
892 2730 1003 2821 utilia,
1026 2733 1084 2805 vel
1105 2734 1224 2825 noxia,
1245 2734 1348 2809 alieni

374 2850 505 2929 confilii
530 2850 737 2948 indigerent.

423 2971 575 3048 XLVII.
615 2970 791 3043 lurunnu
822 2972 950 3043 Rornae
982 2969 1102 3043 sunnis
1131 2972 1237 3045 etism
1269 2974 1347 3068 post

371 3091 557 3169 Tiberium
573 3087 727 3163 caedibus
742 3086 872 3160 semina
879 3086 1109 3185 jaciebantur.
1126 3091 1259 3166 Laelius
1269 3094 1346 3167 Bal-

375 3217 442 3289 bus
468 3208 647 3298 neurim,
665 3208 705 3279 P.
727 3206 859 3279 Vitellii
878 3210 1056 3305 quondam
1084 3236 1245 3303 uxorem,
1272 3238 1345 3285 ma·

369 3330 500 3433 jestatis
517 3328 770 3427 postulaverat:
802 3328 872 3424 qual
898 3328 1073 3420 damnatd,
1100 3332 1182 3404 cum
1207 3330 1345 3429 praemi·

375 3478 439 3527 um
467 3446 652 3522 accusatori
679 3447 933 3538 decerneretur,
962 3449 1087 3543 Junius
1101 3452 1211 3538 Otho,
1235 3449 1342 3521 tribu·

375 3596 440 3645 nus
457 3564 584 3664 plebei,
598 3564 776 3637 intercessit
792 3594 801 3637 ε
828 3568 923 3640 unde
939 3567 1006 3643 illis
1022 3568 1116 3657 odis,
1132 3593 1218 3665 mox
1228 3568 1343 3640 Otho·

375 3690 414 3764 ni
435 3683 603 3759 exfiliurn.
652 3682 746 3757 Dein
777 3687 970 3761 multorum
1001 3686 1174 3762 amoribus
1218 3683 1348 3759 famosa

378 3802 570 3892 Albucilla,
597 3802 655 3875 cui
673 3802 937 3879 matrimonium
952 3832 1036 3880 cum
1052 3806 1162 3881 Satrio
1172 3806 1347 3896 Secundo,

377 3919 621 4023 conjurationis
664 3921 793 4013 indice,
821 3922 946 4013 fuerat,
978 3925 1132 4000 defertur
1162 3924 1350 4022 impietatis

379 4050 416 4125 in
431 4042 649 4145 Principem:
670 4042 963 4119 conneslebantur
978 4063 1018 4119 ut
1035 4046 1177 4137 conscii,
1197 4050 1231 4121 ἃ
1248 4044 1349 4118 adul·
