3259 5284
1153 656 1270 708 xxxin
1297 701 1304 714 .

326 805 409 881 Vid.
426 793 515 905 pag.
528 793 587 881 20.
614 803 675 880 lin.
690 819 745 882 10.
771 807 923 882 Duobus
939 806 1041 882 annis
1057 805 1149 905 post,
1179 807 1216 880 h.
1233 831 1266 880 e.

278 945 298 1000 '1
306 950 388 1025 519.
416 913 537 1000 ·Teciti
554 951 661 1024 opera
679 926 790 1000 edidit
806 927 937 1020 Bastleae
955 925 996 1016 J.
1014 925 1196 1018 Frobenius,
1218 926 1268 1000 ita

281 1046 468 1144 eleganter,
495 1065 535 1126 ut
558 1043 751 1143 superiores
778 1071 851 1120 non
874 1047 984 1121 modo
1008 1065 1175 1144 tequam,
1207 1043 1268 1120 sed

279 1163 386 1238 etiam
402 1189 514 1262 prope
530 1164 715 1263 superaret.
763 1165 833 1239 Sed
849 1165 937 1240 nihil
952 1165 1049 1240 aliud
1071 1164 1131 1238 hic
1147 1165 1266 1240 aetum

278 1282 343 1373 est,
378 1281 441 1358 nifi
468 1302 508 1358 ut
534 1283 739 1358 Beroaldina
769 1303 991 1384 repeteretur,
1034 1281 1132 1384 eujus
1158 1284 1266 1360 etiam

280 1399 436 1500 prefatio
458 1403 662 1500 notulaeque
685 1402 827 1504 adjeuae
854 1404 944 1479 sunt.
991 1404 1047 1478 Ut
1063 1422 1181 1478 tamen
1200 1403 1264 1478 alia

279 1520 368 1618 quid
395 1521 561 1620 prrecipui
589 1524 732 1597 haberet
768 1525 846 1598 haec
877 1523 1000 1615 editio,
1041 1521 1183 1597 additus
1214 1521 1267 1596 est

279 1641 418 1714 libellus
435 1641 713 1716 observationum
737 1641 774 1716 in
795 1642 977 1734 Tacitum,
1003 1644 1050 1716 ab
1066 1642 1181 1715 Andr.
1198 1641 1264 1713 Al-

280 1758 373 1832 ciato
405 1758 618 1858 scriptarum.
668 1760 829 1836 Libellus
863 1761 992 1836 deinde
1028 1760 1075 1834 de
1106 1757 1266 1833 moribus

280 1879 327 1951 G.
344 1903 365 1950 a
380 1879 555 1954 Rhenano
572 1881 606 1977 ψ
625 1873 806 1953 corredus'
817 1879 882 1971 est,
907 1881 1042 1977 dequo
1064 1876 1143 1977 post
1169 1876 1264 1952 dice-

282 2017 350 2070 tur.
399 1998 591 2074 Nonnullis
618 1999 654 2072 in
672 1998 758 2074 locis
774 1998 925 2074 dissentit
948 1999 1025 2072 haec
1041 1997 1147 2072 editio
1164 2000 1264 2073 nBe·

281 2115 450 2208 roaldina,
479 2115 553 2208 sed,
582 2117 619 2190 id
648 2118 747 2216 quod
774 2120 910 2192 clarum
935 2118 1001 2208 est,'
1030 2116 1118 2190 vitio
1140 2141 1265 2214 opera·

280 2261 383 2322 ωιτη
412 2255 451 2310 ut
469 2234 589 2334 paffim
606 2236 641 2310 in
655 2236 746 2310 notis
758 2236 985 2310 monuimusz
1015 2261 1050 2310 v.
1066 2260 1099 2310 c.
1117 2237 1184 2326 lll,
1205 2259 1224 2334 7
1228 2219 1277 2334 3.

279 2356 342 2430 ubi
358 2354 469 2429 edidit
493 2357 607 2452 populi
630 2356 811 2428 contumelia
833 2355 925 2426 Rom.
950 2378 1017 2452 pro
1037 2369 1165 2427 cottum.
1185 2374 1262 2452 pop.

280 2475 372 2548 Rom.
398 2499 435 2547 v.
451 2492 523 2546 not.
540 2499 571 2548 c.
591 2499 649 2571 29.
670 2473 731 2548 ubi
755 2471 865 2546 edidit
889 2475 970 2546 utrm
996 2498 1062 2570 pro
1086 2475 1173 2546 ultra
1197 2493 1262 2549 etc.

281 2595 328 2668 Et
344 2591 408 2668 ista
423 2591 527 2688 hujus
550 2593 703 2691 exempli
721 2590 938 2691 errata'saepe
961 2613 1061 2668 notas
1078 2596 1112 2666 δι
1130 2617 1263 2668 cortec-

280 2712 392 2786 tiones
408 2735 570 2810 peperere
592 2714 782 2803 Rhenano,
809 2711 869 2786 cui
889 2710 993 2811 hujus
1013 2710 1175 2786 editionis
1200 2737 1263 2786 ex-

281 2833 441 2930 emplum
457 2857 522 2928 pro
539 2833 606 2906 basi
623 2829 703 2921 suit,
728 2829 817 2930 saepe
841 2832 888 2906 ad
903 2855 1028 2906 omnes
1048 2830 1196 2905 editores
1211 2829 1262 2919 se·

272 2971 425 3050 ,quentes
442 2972 631 3049 propagata
648 2949 739 3042 sunt,
762 2951 872 3026 modo
889 2947 1093 3047 conjeeturis
1104 3013 1108 3018 .
1119 2969 1263 3044 tentata,

281 3070 391 3145 modo
415 3068 520 3143 etiam
544 3067 696 3158 defensa,
732 3089 769 3142 ut
796 3087 891 3143 notae
919 3067 1046 3142 nostrae
1070 3067 1264 3144 docebunt.

280 3189 388 3264 Hanc
401 3187 593 3263 editionem
607 3189 733 3261 Alciati
747 3185 874 3262 vocavi
890 3185 1022 3286 potius,
1051 3211 1160 3284 quam
1175 3189 1263 3261 Fro-

279 3306 388 3398 benii,
417 3325 457 3380 ut
482 3305 784 3406 distingueretura
807 3306 940 3396 ceteris,
966 3331 1052 3405 quat
1068 3307 1264 3385 Frobenius

278 3416 400 3511 dedit;
424 3423 691 3522 caveremusque
705 3423 898 3500 confusioni
912 3424 1126 3500 diversorum
1143 3451 1264 3503 exem-

279 3546 421 3643 plorum
446 3541 624 3618 Frobenii.
672 3545 707 3639 J.
734 3544 936 3620 Gronovius
963 3535 1110 3621 subinde
1136 3547 1263 3622 editio·

279 3689 362 3740 nern
387 3663 551 3740 Frobenii
573 3664 711 3755 laudan
747 3661 806 3738 sed
822 3662 999 3765 intelligit
1026 3689 1120 3755 eam,
1154 3691 1263 3766 quam

279 3809 350 3860 nos-
373 3785 538 3860 Rbenani
567 3783 754 3862 secundam
777 3809 973 3860 vocamus:
1004 3786 1050 3860 de
1076 3810 1148 3885 qua
1174 3811 1263 3864 mox

280 3903 483 3981 dicendum.

779 4048 800 4103 C
