3259 5284
501 562 803 632 Arruntium
836 559 1018 632 LuaII.
1217 583 1283 656 103

310 729 375 818 est,
410 733 439 770 “
454 725 689 825 frudibusque
718 727 790 827 ejus
823 730 930 802 levari
963 732 1060 827 posse
1092 733 1285 804 centesrmae

310 857 340 894 “
358 847 532 945 vedigal''
554 846 722 944 professus
738 846 864 939 Caesar,
880 850 1151 922 ducentesimam
1168 849 1204 921 in
1222 875 1285 947 po-

310 968 438 1040 sterum
453 965 580 1040 statuit.
629 968 694 1039 Per
714 966 810 1040 idem
827 986 963 1066 tempus
980 969 1159 1042 Antiocho
1176 970 1285 1042 Corn-

309 1111 554 1185 magenontm,
574 1084 797 1183 Philopatore
812 1088 965 1162 Cilicum
982 1088 1123 1186 regibus
1140 1087 1286 1162 defunc·

309 1204 369 1295 tis,
403 1207 636 1278 turbabantur
665 1205 834 1296 nationes,
868 1205 1037 1305 plerisque
1066 1211 1285 1298 Romanum,

310 1323 384 1398 aliis
399 1325 538 1423 regium
560 1324 746 1421 imperium
770 1324 1015 1423 cupientibus:
1044 1327 1286 1422 &provinciae

310 1444 405 1539 Syria
420 1464 526 1541 atque
542 1445 681 1538 Judaea‚
704 1442 798 1518 feffae
814 1443 991 1538 oneribus,
1012 1445 1304 1522 deminutionem.

309 1562 433 1642 tributi
450 1565 604 1637 orabant.

358 1684 495 1756 XLIII.
520 1684 662 1756 Iotrun
679 1685 771 1772 haec,
793 1685 827 1755 δι
844 1684 888 1756 de
905 1682 1074 1757 Armenii
1091 1706 1171 1780 quae
1186 1683 1287 1781 suprit

308 1801 514 1891 memoravi,
528 1804 622 1899 apud
641 1822 752 1898 patres
768 1802 939 1876 disseruit:
968 1809 995 1845 “
1013 1829 1076 1875 nec
1094 1805 1188 1899 posse
1206 1829 1283 1876 mo·
1321 1873 1323 1881 A

310 1927 340 1966 “
358 1941 436 1994 tum
462 1921 644 1995 Orientem
671 1920 733 1994 nist
763 1922 966 1997 Germanici
998 1921 1159 2020 sapientid
1187 1947 1285 1995 com-

312 2048 340 2085 “
358 2041 454 2138 poni.
503 2043 600 2114 Nam
616 2038 713 2114 suam
735 2060 874 2114 aetatem
896 2067 1055 2140 vergere,
1079 2042 1180 2114 Drusi
1199 2069 1287 2115 non·

309 2167 339 2224 .“
357 2161 444 2234 dum
465 2160 543 2233 satis
566 2159 790 2233 adolevisse.''
839 2163 944 2234 Tunc
968 2161 1109 2234 decreto
1130 2180 1285 2258 patrum,

308 2279 479 2384 permissae
504 2279 715 2354 Germanico
742 2279 951 2380 provinciae,
980 2303 1061 2377 quae
1084 2280 1169 2354 mari
1196 2280 1286 2354 divi-

307 2403 453 2488 duntur,
471 2395 648 2496 majusque
665 2398 851 2496 imperium
870 2397 1014 2496 quoquo
1030 2397 1163 2488 adiffet,
1179 2400 1288 2496 qubrn

309 2518 363 2593 bis
386 2518 447 2616 qui
468 2517 556 2590 sorte
576 2537 636 2590 aut
659 2517 761 2590 missu
779 2516 950 2615 Principis
967 2517 1172 2590 obtinerent.
1221 2519 1289 2592 Sed

308 2636 473 2711 Tiberius
496 2638 699 2710 demoverat
720 2636 815 2732 Syriai
836 2636 1013 2710 Creticum
1037 2637 1205 2726 Silanum,
1228 2662 1288 2734 per

310 2757 525 2829 adfinitatem
542 2779 743 2828 connexum
755 2753 982 2844 Germanico,
1001 2755 1082 2852 quia
1098 2755 1201 2828 Silani
1217 2757 1289 2830 filia

309 2865 459 2966 Neroni,
486 2875 710 2949 vetustissimo
734 2872 924 2946 liberorum
951 2872 1034 2971 ejus,
1064 2876 1163 2970 pacta
1191 2895 1285 2948 erat:

312 2995 585 3092 praefeceratque
601 2997 669 3068 Cn.
685 2993 848 3068 Pisonem
867 2993 1007 3091 ingenio
1025 2993 1234 3083 violentum,
1253 3000 1287 3070 ὃ(

307 3113 466 3210 obsequii
495 3114 675 3211 ignarum,
704 3114 800 3187 infitd
826 3113 954 3188 ferocias
980 3139 1000 3186 a
1029 3131 1126 3209 patre
1150 3110 1286 3202 Pisone,

309 3232 371 3330 qui
396 3232 489 3306 civiIi
512 3235 605 3308 bello
626 3231 840 3332 resurgentes
861 3234 897 3306 in
920 3231 1039 3307 Africa
1059 3251 1171 3329 partes
1192 3258 1286 3306 acer-

306 3351 398 3425 rimo
411 3350 597 3425 ministerio
606 3354 771 3426 adversds
783 3351 1077 3450 Caesaremjuvit:
1106 3377 1190 3424 mox
1202 3355 1287 3424 Bru·
1379 3435 1382 3450 Ι

309 3489 388 3542 tum
406 3473 440 3543 ἃ
457 3472 609 3546 Caffium
624 3471 773 3562 semme,
791 3475 951 3547 concesso
968 3473 1092 3560 reditu,
1124 3470 1289 3566 petitione

308 3591 483 3663 bonorum
499 3590 673 3680 abstinuit,
687 3596 800 3666 donec
819 3594 910 3664 ultro
927 3591 1117 3665 ambiretur
1131 3591 1289 3663 delatum

310 3711 357 3784 ab
374 3711 537 3807 Augusto
554 3711 770 3786 consulatum
786 3712 952 3807 accipere.
1002 3711 1069 3784 Sed
1088 3729 1212 3805 praeter
1228 3735 1288 3806 pa·

308 3845 426 3902 ternos
447 3828 596 3926 spiritus,
621 3829 740 3904 uxoris
756 3855 899 3927 quoque
916 3831 1092 3904 Plancinae
1109 3829 1290 3906 nobilitate

311 3949 347 4031 δι
375 3945 502 4044 opibus
525 3951 801 4026 accendebatur:
831 3950 893 4024 vix
914 3949 1060 4026 Tiberio
1084 3951 1289 4036 concedere,

736 4071 778 4144 H
797 4095 822 4160 4
