3259 5284
429 652 498 727 ¹5⁰
633 626 1218 702 C.Connan11Tnc1rr

425 800 470 873 rit
508 803 536 845 “
553 802 692 898 qualem
728 800 806 875 Piso
827 801 921 875 diem
941 798 1153 898 supremum,
1185 798 1393 897 nostemque

428 926 457 963 “
475 918 676 1017 exegisset.''
698 925 819 1019 Atque
836 920 897 993 illo
915 922 1079 1017 pleraque
1095 916 1276 1015 sapienter,
1297 944 1392 1015 quae·

425 1038 509 1111 dam
544 1036 766 1112 inconsultius
801 1037 1041 1137 respondente,
1077 1036 1195 1111 recitat
1211 1036 1393 1111 codicillos

424 1180 446 1227 a
479 1154 599 1230 Pisone
630 1156 668 1230 in
701 1161 794 1231 hunc
829 1157 935 1231 ferme
969 1157 1117 1231 modum
1151 1160 1389 1251 compositos:

309 1272 315 1281 ’
424 1282 454 1319 “
472 1275 731 1374 conspiratione
747 1277 964 1351 inimicorum
999 1280 1033 1349 δι
1066 1274 1198 1348 invidia
1226 1273 1296 1347 falfi
1326 1275 1390 1347 cti-

425 1400 455 1441 “
473 1394 575 1467 minis
591 1400 780 1493 oppressus,
815 1416 984 1493 quatenus
1000 1394 1135 1469 veritati
1165 1397 1199 1465 δι
1227 1394 1391 1467 innocen-

427 1514 530 1587 “tiae
546 1540 633 1589 meae
650 1513 819 1613 nusquam
853 1516 949 1587 locus
978 1512 1038 1603 est,
1068 1514 1152 1586 deos
1180 1512 1392 1587 immortales

428 1639 457 1677 “
476 1633 590 1724 testor,
619 1632 740 1708 vixisse
768 1660 839 1724 me,
867 1632 992 1725 Caesar,
1022 1658 1105 1705 cum
1123 1633 1193 1704 fide
1210 1633 1392 1705 adversum

426 1760 454 1797 “
472 1774 519 1842 te,
537 1778 651 1851 neque
667 1754 732 1826 alia
748 1754 785 1825 in
801 1772 947 1826 matrem
964 1772 1060 1824 tuam
1080 1750 1204 1847 pietate
1221 1778 1229 1823 :
1262 1748 1392 1848 vosque

425 1879 535 1945 “oro
570 1872 684 1945 liberis
719 1872 804 1945 meis
839 1869 1046 1945 consulatis:
1083 1895 1128 1943 ex
1164 1867 1290 1967 quibus
1324 1870 1391 1943 Cn.

424 1998 454 2034 “
471 1989 549 2065 Piso
566 1991 813 2089 qualicumque
845 1986 991 2064 fortunae
1027 2012 1113 2061 meae
1142 2012 1214 2060 non
1249 1988 1297 2061 est
1329 1989 1391 2061 ad-

425 2115 455 2156 “
466 2108 621 2207 jundlus,
657 2109 740 2184 ciam
757 2134 862 2183 omne
879 2110 948 2181 hoc
966 2126 1101 2204 tempus
1129 2106 1165 2180 in
1191 2108 1293 2181 Urbe
1310 2132 1391 2206 ege·

426 2236 456 2275 “
474 2228 544 2302 rit:
575 2230 631 2301 M.
649 2225 726 2301 Piso
743 2247 894 2324 repetere
910 2226 1042 2322 Syriam
1076 2226 1276 2299 dehortatus
1310 2226 1359 2299 est
1380 2254 1390 2300 ε

425 2353 455 2395 “
472 2366 578 2443 atque
594 2346 730 2419 utinam
746 2370 814 2444 ego
833 2344 947 2441 potius
973 2344 1045 2417 filio
1056 2342 1192 2443 juveni,
1211 2344 1319 2441 quam
1335 2344 1393 2419 ille

426 2465 561 2562 “patri
594 2463 664 2539 seni
693 2466 864 2539 cessisset!
897 2462 940 2535 ed
967 2462 1152 2559 impenfiits
1187 2488 1320 2561 precor,
1355 2488 1399 2541 ne

426 2590 456 2635 “
475 2608 563 2657 meae
582 2582 758 2682 pravitatis
777 2608 896 2681 poenas
919 2580 1083 2655 innoxius
1102 2583 1184 2655 luat.
1209 2583 1274 2655 Per
1291 2581 1393 2685 quin·

423 2708 454 2751 “
475 2729 543 2801 que
560 2709 595 2777 δι
623 2701 852 2802 quadraginta
883 2727 1052 2777 annorum
1077 2700 1296 2801 obsequium,
1334 2726 1395 2797 per

424 2830 453 2865 “
481 2822 668 2921 collegium
695 2821 888 2898 consulatus
913 2822 1092 2919 quondam
1119 2821 1203 2896 divo
1230 2821 1393 2919 Augusto

425 2949 454 2985 “
473 2940 605 3039 parenti
623 2962 684 3015 tuo
701 2943 877 3039 probatus,
909 2939 1024 3015 &tibi
1046 2940 1189 3030 amicus,
1209 2964 1272 3013 nec
1290 2940 1391 3038 quid·

425 3067 453 3111 “
472 3086 577 3157 quam
596 3060 671 3157 post
689 3061 764 3133 haec
782 3080 978 3158 rogaturus,
1013 3058 1155 3133 salutem
1169 3058 1314 3133 infelicis
1332 3060 1394 3145 filii

425 3186 453 3226 “
471 3180 597 3276 rogo.’'
628 3181 684 3252 De
700 3178 866 3252 Plancina
882 3178 966 3251 nihil
983 3179 1127 3251 addidit.

471 3299 588 3395 XVll.
611 3300 711 3371 Posr
740 3322 818 3393 quae
851 3296 1012 3370 Tiberius
1046 3295 1296 3373 adolescentem
1326 3300 1392 3372 cri·

423 3416 518 3491 mine
536 3414 647 3488 civilis
664 3414 747 3489 belli
766 3416 954 3514 purgavit:
976 3423 1003 3459 “
1023 3416 1124 3513 patris
1143 3416 1275 3515 quippe
1285 3415 1388 3515 jussa,

425 3544 453 3581 “
472 3560 536 3608 nec
566 3533 712 3633 potuisse
738 3533 851 3607 filium
877 3535 1066 3608 detrestare
1082 3538 1119 3608 :''
1149 3537 1247 3609 simul
1282 3544 1309 3579 “
1330 3563 1392 3609 no·

424 3661 453 3699 “
472 3654 641 3728 bilitatem
657 3654 799 3744 domds,
836 3652 940 3731 etiam
963 3653 1078 3751 ipsius,
1115 3678 1257 3754 quoquo
1285 3656 1395 3729 modo

425 3782 455 3819 “
474 3774 599 3867 meriti,
628 3799 772 3873 gravem
800 3773 940 3847 castun”
970 3774 1155 3849 miseratus.
1205 3776 1393 3850 Propan-

426 3892 504 3967 cina
519 3918 602 3966 cum
637 3896 770 3991 pudore
804 3898 839 3967 dt
874 3892 1007 3993 flagitio
1024 3894 1190 3987 disseruit,
1227 3900 1256 3939 “
1276 3895 1394 3969 matris

332 4035 335 4041 ¹
426 4020 454 4063 ‘⁴
472 4015 614 4118 precea’'
642 4014 861 4092 obtendens:
898 4014 935 4094 in
963 4040 1071 4115 quam
1088 4014 1213 4118 optimi
1231 4014 1395 4117 cujusque
