3259 5284
518 608 822 681 Anuatrom
853 604 967 679 er.
989 603 1051 679 Vl.
1246 628 1316 705 313

345 780 409 855 teri
437 778 522 879 ejus,
553 784 621 855 Cn.
650 779 839 869 Domitius,
865 779 988 855 Vibius
1004 778 1153 869 Marsus,
1183 779 1231 852 L.
1248 783 1316 851 Ar·

347 900 491 975 runtius.
540 902 596 973 De
622 900 824 974 claritudine
841 898 988 973 Domitii
1016 899 1117 996 supra
1143 922 1317 972 memora·

347 1020 383 1093 vi
399 1047 408 1091 ι
435 1018 570 1099 Marsus
588 1044 729 1117 quoque
744 1018 885 1093 vetustis
900 1018 1101 1109 honoribus,
1121 1021 1154 1091 a
1170 1017 1320 1092 inlustris

346 1134 468 1213 studiis
499 1157 582 1211 erat.
631 1138 699 1211 Sed
729 1144 764 1213 .“
777 1139 918 1211 testium
944 1135 1220 1235 interrogationi,
1246 1157 1318 1210 tor-

347 1262 376 1308 “
393 1255 520 1330 mentis
535 1256 711 1331 servorum
733 1259 942 1333 Macronem
960 1254 1189 1353 praesediffe‚''
1219 1280 1317 1329 conr·

346 1374 506 1449 mentarii
529 1378 574 1449 ad
590 1376 743 1451 senatum
771 1376 859 1451 milii
880 1375 1058 1462 ferebant;
1081 1376 1256 1472 nullaeque
1281 1374 1319 1447 in

347 1520 406 1569 eos
424 1496 646 1593 Imperatoris
664 1496 785 1588 literae,
803 1493 1034 1594 suspicionem
1050 1482 1194 1585 dabant,
1220 1492 1318 1566 inra-

231 1598 233 1605 ’
345 1612 419 1686 lido
434 1639 474 1686 ac
491 1612 624 1686 fortasse
642 1614 776 1712 ignaro,
794 1618 876 1690 fieta
892 1617 1068 1714 pleraque,
1094 1618 1144 1689 ob
1166 1613 1318 1687 inimici·

345 1732 409 1804 tias
434 1732 615 1805 Macronis
642 1752 743 1805 notas
769 1733 804 1806 in
834 1736 1053 1809 Arruntium.

392 1852 561 1923 XLVlll.
586 1853 726 1925 loiron
751 1852 930 1927 Domitius
945 1853 1180 1927 desenlionem
1204 1849 1318 1925 medi·

343 1987 434 2058 tans,
463 1968 599 2043 Marsus
614 1990 796 2068 tamquam
815 1972 966 2046 inediam
981 1972 1227 2061 destinavisset,
1239 1996 1318 2069 pro·

343 2086 479 2160 duxere
495 2087 613 2161 vitam.
663 2090 864 2183 Arruntius,
882 2094 1139 2166 cunctationem
1174 2096 1208 2164 δι
1240 2115 1318 2163 ιιιο-

343 2230 399 2281 ras
425 2204 647 2281 suadentibus
675 2209 809 2301 amicis,
839 2212 966 2283 “Non
998 2213 1121 2285 eadem
1152 2208 1319 2283 omnibus

345 2333 373 2373 “
391 2326 557 2418 decora,’'
583 2326 784 2426 respondit:
825 2336 853 2389 4‘
869 2328 1021 2404 sibilatis
1037 2330 1171 2405 aetatis:
1202 2350 1318 2425 neque

344 2454 373 2493 “
392 2446 486 2521 aliud
504 2447 757 2545 paenitendum,
780 2450 891 2547 quam
916 2446 1027 2547 quod,
1050 2449 1139 2522 inter
1166 2446 1318 2521 ludibria

343 2575 372 2614 “
392 2572 426 2643 δι
445 2566 612 2665 pericula,
643 2566 784 2641 anxiam
812 2567 983 2643 senesiam
1007 2566 1229 2656 toleravisset,
1253 2564 1318 2638 diu

342 2693 371 2733 ‘⁶
388 2685 526 2785 Sq'ano,
543 2712 636 2759 nunc
654 2686 829 2778 Macroni,
852 2686 987 2785 semper
1002 2686 1105 2761 alicui
1119 2685 1316 2785 potentium

341 2812 370 2850 “
387 2805 540 2892 invisus;
570 2830 642 2879 non
669 2808 784 2903 culpi,
814 2806 873 2880 sed
901 2826 940 2879 ut
967 2806 1178 2905 flagitiorum
1201 2804 1315 2901 impa-

342 2930 371 2969 “
387 2924 488 2999 tiens.
537 2924 625 2998 Sane
646 2950 775 3023 paucos
804 2932 839 3001 δι
863 2926 1040 3024 supremos
1055 2922 1228 3021 Principis
1241 2922 1316 2997 dier

339 3051 369 3089 “
386 3046 482 3143 polle
499 3041 625 3131 vitari3
651 3046 953 3143 quemadmodum
981 3043 1163 3118 evasurum
1196 3043 1313 3117 immi-

228 3146 231 3153 ¹
341 3171 370 3216 “
388 3162 501 3237 nentis
510 3160 719 3261 juventam?
750 3170 810 3238 An
836 3165 919 3239 crim
942 3162 1119 3255 Tiberius,
1144 3163 1221 3260 post
1237 3182 1315 3237 tan·

340 3291 369 3328 “
386 3302 460 3357 tam
475 3306 589 3355 terrun
606 3282 874 3381 experientiam,
905 3283 940 3357 vi
961 3282 1208 3356 dominationis
1228 3308 1315 3356 con·

340 3410 368 3447 “
387 3402 507 3477 vulsus
534 3406 569 3475 δι
595 3420 751 3476 mutatus
770 3406 824 3492 fit,
854 3402 898 3475 C.
914 3398 1100 3493 Caesarem,
1127 3402 1188 3475 vix
1216 3402 1314 3478 finita

338 3529 368 3568 ‘⁴
387 3520 547 3620 pueritia,
568 3520 731 3621 ignarum
747 3520 923 3611 onmium,
949 3542 1009 3595 aot
1037 3521 1187 3619 pessimis
1209 3522 1313 3596 innu-

339 3648 369 3691 “
387 3641 523 3731 tritum,
551 3641 696 3715 meliora
713 3642 968 3739 capelliturum,
993 3644 1165 3715 Macrone
1190 3642 1311 3715 duce?

338 3764 368 3804 “
384 3760 459 3857 qui,
488 3780 529 3834 ut
562 3760 726 3852 deterior,
762 3763 808 3835 ad
843 3760 1119 3859 opprimendum
1149 3759 1312 3858 sejanum

338 3884 367 3941 ‘.‘
384 3878 554 3967 delectus,
594 3882 694 3979 plora
718 3906 779 3979 per
800 3880 925 3955 scelera
946 3882 1200 3978 rempublicam
1226 3904 1312 3951 con-

338 4006 367 4045 “
386 3996 590 4077 metaviffer.
629 3996 933 4100 Prospetlarejam
949 3997 983 4073 se
994 3999 1105 4081 acrius
1120 3996 1311 4090 serviriun,

816 4120 853 4191 Y
