3259 5284
418 572 483 645 ¹92
633 548 1208 626 C.CortustrtTnctrr

461 723 635 798 LXXIII.
663 730 720 799 Ac
747 750 888 797 tantan
920 750 971 797 res
992 729 1086 801 Blaesi
1115 728 1232 825 digna
1256 727 1383 803 decore

412 842 471 915 tali
498 840 620 916 suere:
647 870 728 917 nam
760 842 975 933 Tacfarinas,
1018 872 1233 945 quamquam
1261 845 1383 944 sapius

412 960 592 1059 depulsus,
629 963 788 1061 reparatis
820 989 881 1059 per
914 964 1035 1067 intima
1068 964 1196 1039 Africae
1232 966 1383 1057 auxiliis,

413 1084 481 1155 huc
497 1082 710 1180 adrogantia
727 1104 884 1171 venerat,
910 1103 949 1157 ut
973 1085 1107 1182 legatos
1130 1087 1175 1159 ad
1200 1086 1383 1161 Tiberium

414 1201 581 1291 mitteret,
608 1209 635 1243 “
652 1202 862 1298 sedemque’'
898 1205 989 1275 ultro
1023 1204 1130 1275 “fibi
1158 1226 1263 1301 atque
1284 1231 1384 1277 exer-

416 1320 548 1394 “citui
575 1320 659 1393 suo”
684 1322 882 1417 postularet,
909 1342 967 1395 aut
989 1326 1167 1397 “bellum
1194 1324 1384 1420 inexplica-

416 1448 443 1483 “
461 1440 556 1515 bile’'
581 1440 803 1513 minitaretur.
852 1444 938 1515 Non
963 1442 1045 1515 aliis
1062 1442 1173 1540 magis
1196 1443 1253 1515 sual
1270 1468 1384 1539 popu·

415 1560 512 1659 lique
536 1560 690 1635 Romani
708 1561 918 1634 contumelifi
947 1562 1125 1635 indoluisse
1150 1560 1318 1635 Caesarem
1334 1558 1384 1634 fe-

414 1700 508 1769 runt,
534 1681 642 1776 quarn
669 1687 695 1722 “
714 1680 809 1776 quod
838 1678 985 1752 desertor
1016 1686 1048 1753 br
1073 1682 1206 1777 prado,
1233 1680 1384 1754 hostium

416 1809 561 1873 “more
596 1820 725 1897 ageret.
773 1801 833 1871 Ne
861 1802 1022 1897 Spartaco
1049 1800 1208 1895 quidem,
1236 1800 1312 1895 post
1334 1819 1385 1873 tot

418 1926 447 1961 ‘⁶
465 1916 696 1991 consularium
709 1918 923 1991 exercituum
950 1922 1063 1992 clades
1080 1920 1227 1993 inultam
1249 1918 1383 1991 Italiam

419 2045 447 2080 “
466 2038 592 2127 urenti,
624 2064 838 2135 quamquam
871 2039 1008 2111 Sertorii
1041 2058 1144 2135 atque
1172 2038 1387 2117 Mithridatis

329 2173 337 2189 '
419 2165 447 2200 ‘⁶
465 2156 666 2255 ingentibus
682 2148 924 2230 bellis'labaret
953 2156 1157 2253 respublica,
1184 2158 1320 2247 datum,
1347 2176 1386 2231 ut

418 2283 446 2318 “
463 2277 566 2372 pado
593 2274 630 2346 in
654 2277 775 2348 fidem.
790 2275 1027 2371 acciperetur:
1056 2278 1200 2363 nedum,
1227 2278 1386 2373 pulcher·

423 2402 452 2437 ‘⁶
470 2394 559 2467 rimo
576 2393 698 2491 populi
715 2393 869 2467 Romani
887 2392 1035 2492 fastigio,
1063 2398 1149 2467 latro
1175 2393 1388 2485 Tacfarinas,

420 2522 448 2558 “
467 2540 551 2612 pace
568 2518 602 2587 a
618 2516 832 2587 concessione
850 2538 1012 2611 agrorum
1029 2512 1293 2587 redimeretur.''
1318 2516 1390 2587 Dat

419 2634 604 2733 negotium
620 2633 739 2722 Blaes0,
767 2639 794 2675 “
812 2654 942 2705 ceteros
959 2632 1102 2728 quidem
1120 2634 1165 2705 ad
1190 2631 1285 2728 spem
1308 2659 1388 2729 pro·

421 2754 585 2827 “liceret
617 2778 714 2825 arma
743 2755 810 2825 stne
834 2754 925 2824 noxa
947 2750 1123 2847 ponendi3
1150 2751 1252 2848 ipsius
1273 2772 1390 2826 autem

421 2878 448 2915 “
466 2872 565 2947 ducis
577 2896 722 2969 quoquo
738 2873 846 2944 modo
863 2870 1064 2968 potiretur.’'
1145 2944 1147 2951 ,

467 2994 640 3067 LXXIV.
659 2992 715 3063 Er
732 3015 898 3063 urerent
920 2992 959 3063 est
975 2990 1074 3063 venia
1102 2989 1277 3087 plerique:
1306 3016 1390 3065 mox

417 3112 603 3186 adversum
620 3129 706 3182 artes
722 3108 963 3199 Tacfarinatis,
991 3110 1084 3181 haud
1102 3108 1252 3181 dissimili
1282 3114 1390 3183 modo

422 3232 674 3328 belligeratum.
723 3230 820 3301 Nam
836 3228 920 3325 quia
935 3229 992 3300 ille
1002 3230 1124 3301 robore
1141 3228 1312 3301 exercitiis
1325 3229 1391 3302 irn-

422 3375 497 3447 par,
522 3346 660 3421 furandi
675 3347 810 3436 melior,
839 3349 953 3444 plures
970 3372 1031 3442 per
1049 3350 1173 3445 globos
1191 3346 1390 3447 incursaret,

421 3467 659 3561 eluderetque,
686 3468 719 3537 br
737 3464 872 3537 insidias
890 3466 988 3536 simul
1001 3486 1168 3552 tentaret;
1195 3488 1261 3539 tres
1287 3465 1412 3541 intes--

420 3588 488 3675 sus,
513 3584 661 3657 totidem
682 3582 824 3681 agmina
841 3604 1024 3679 parantur:
1053 3609 1098 3657 ex
1116 3588 1194 3682 quls
1210 3586 1393 3660 Cornelius

421 3703 536 3801 Scipio
545 3706 677 3801 legatus
691 3700 840 3799 praefuit,
855 3702 926 3799 qua
943 3702 1111 3799 praedatio
1122 3704 1158 3777 in
1170 3704 1392 3801 Leptitanos,

394 3814 397 3818 ¹
423 3822 622 3920 &suffugia
647 3824 921 3911 Garamantum
948 3821 1019 3895 alio
1045 3826 1163 3915 latere,
1191 3848 1235 3895 ne
1257 3823 1394 3897 Cirten-

423 3948 509 4019 sium
538 3941 620 4039 pagi
637 3940 779 4039 impune
803 3944 1029 4034 traherentur,
1056 3942 1232 4041 propriam
1251 3968 1394 4017 manum
