<?xml version="1.0" encoding="UTF-8"?>
<!DOCTYPE html PUBLIC "-//W3C//DTD XHTML 1.0 Transitional//EN"
    "http://www.w3.org/TR/xhtml1/DTD/xhtml1-transitional.dtd">
<html xmlns="http://www.w3.org/1999/xhtml" xml:lang="en" lang="en">
 <head>
  <title>
</title>
<meta http-equiv="Content-Type" content="text/html;charset=utf-8" />
  <meta name='ocr-system' content='tesseract 3.04.00' />
  <meta name='ocr-capabilities' content='ocr_page ocr_carea ocr_par ocr_line ocrx_word'/>
</head>
<body>
  <div class='ocr_page' id='page_1' title='image "./ccorneliitaciti04freigoog_0086.png"; bbox 0 0 3259 5284; ppageno 0'>
   <div class='ocr_carea' id='block_1_1' title="bbox 381 621 1134 700">
    <p class='ocr_par' dir='ltr' id='par_1_1' title="bbox 381 621 1134 700">
     <span class='ocr_line' id='line_1_1' title="bbox 381 621 1134 700; baseline -0.001 0"><span class='ocrx_word' id='word_1_1' title='bbox 381 629 426 700; x_wconf 77' lang='lat'>28</span> <span class='ocrx_word' id='word_1_2' title='bbox 620 621 923 698; x_wconf 79' lang='lat' dir='ltr'>C.Connue11</span> <span class='ocrx_word' id='word_1_3' title='bbox 955 623 1134 699; x_wconf 80' lang='lat' dir='ltr'>Tncrrt</span> 
     </span>
    </p>
   </div>
   <div class='ocr_carea' id='block_1_2' title="bbox 293 796 1399 4109">
    <p class='ocr_par' dir='ltr' id='par_1_2' title="bbox 376 796 1351 1366">
     <span class='ocr_line' id='line_1_2' title="bbox 376 796 1349 895; baseline 0.006 -24"><span class='ocrx_word' id='word_1_4' title='bbox 376 799 546 871; x_wconf 88' lang='lat' dir='ltr'>Nonanus</span> <span class='ocrx_word' id='word_1_5' title='bbox 569 798 796 895; x_wconf 81' lang='lat' dir='ltr'>opperiendas</span> <span class='ocrx_word' id='word_1_6' title='bbox 822 796 955 870; x_wconf 89' lang='lat' dir='ltr'>Tiberii</span> <span class='ocrx_word' id='word_1_7' title='bbox 979 798 1138 895; x_wconf 85' lang='lat' dir='ltr'>epistolas</span> <span class='ocrx_word' id='word_1_8' title='bbox 1152 799 1349 876; x_wconf 65' lang='lat' dir='ltr'>clamitavea</span> 
     </span>
     <span class='ocr_line' id='line_1_3' title="bbox 377 913 1350 1008; baseline 0.003 -19"><span class='ocrx_word' id='word_1_9' title='bbox 377 936 455 989; x_wconf 87' lang='lat' dir='ltr'>rat:</span> <span class='ocrx_word' id='word_1_10' title='bbox 481 941 567 988; x_wconf 86' lang='lat' dir='ltr'>mox</span> <span class='ocrx_word' id='word_1_11' title='bbox 596 913 764 991; x_wconf 83' lang='lat' dir='ltr'>desolatus</span> <span class='ocrx_word' id='word_1_12' title='bbox 804 918 953 990; x_wconf 86' lang='lat' dir='ltr'>aliorum</span> <span class='ocrx_word' id='word_1_13' title='bbox 988 915 1197 1008; x_wconf 86' lang='lat' dir='ltr'>disceffione,</span> <span class='ocrx_word' id='word_1_14' title='bbox 1233 919 1350 992; x_wconf 75' lang='lat' dir='ltr'>immi·</span> 
     </span>
     <span class='ocr_line' id='line_1_4' title="bbox 378 1035 1351 1134; baseline 0.005 -26"><span class='ocrx_word' id='word_1_15' title='bbox 378 1055 519 1110; x_wconf 89' lang='lat' dir='ltr'>nentem</span> <span class='ocrx_word' id='word_1_16' title='bbox 535 1037 760 1110; x_wconf 78' lang='lat' dir='ltr'>necessitatem</span> <span class='ocrx_word' id='word_1_17' title='bbox 783 1035 904 1133; x_wconf 90' lang='lat' dir='ltr'>sponte</span> <span class='ocrx_word' id='word_1_18' title='bbox 926 1037 1115 1134; x_wconf 84' lang='lat' dir='ltr'>praevenit:</span> <span class='ocrx_word' id='word_1_19' title='bbox 1146 1042 1179 1111; x_wconf 74' lang='grc' dir='ltr'>δι</span> <span class='ocrx_word' id='word_1_20' title='bbox 1203 1037 1351 1132; x_wconf 81' lang='lat' dir='ltr'>Drusus,</span> 
     </span>
     <span class='ocr_line' id='line_1_5' title="bbox 378 1153 1350 1255; baseline 0.003 -27"><span class='ocrx_word' id='word_1_21' title='bbox 378 1181 451 1228; x_wconf 92' lang='lat' dir='ltr'>non</span> <span class='ocrx_word' id='word_1_22' title='bbox 491 1153 685 1253; x_wconf 65' lang='lat' dir='ltr'>exspectato</span> <span class='ocrx_word' id='word_1_23' title='bbox 726 1158 923 1255; x_wconf 85' lang='lat' dir='ltr'>legatorum</span> <span class='ocrx_word' id='word_1_24' title='bbox 953 1158 1116 1253; x_wconf 81' lang='lat' dir='ltr'>regressu,</span> <span class='ocrx_word' id='word_1_25' title='bbox 1154 1157 1236 1255; x_wconf 90' lang='lat' dir='ltr'>quia</span> <span class='ocrx_word' id='word_1_26' title='bbox 1261 1181 1350 1255; x_wconf 77' lang='lat' dir='ltr'>prae·</span> 
     </span>
     <span class='ocr_line' id='line_1_6' title="bbox 377 1271 1165 1366; baseline 0 -19"><span class='ocrx_word' id='word_1_27' title='bbox 377 1271 481 1347; x_wconf 88' lang='lat' dir='ltr'>sentia</span> <span class='ocrx_word' id='word_1_28' title='bbox 495 1272 572 1348; x_wconf 86' lang='lat' dir='ltr'>satis</span> <span class='ocrx_word' id='word_1_29' title='bbox 585 1273 822 1366; x_wconf 85' lang='lat' dir='ltr'>consederant,</span> <span class='ocrx_word' id='word_1_30' title='bbox 847 1275 884 1347; x_wconf 93' lang='lat' dir='ltr'>in</span> <span class='ocrx_word' id='word_1_31' title='bbox 899 1276 1039 1348; x_wconf 88' lang='lat' dir='ltr'><strong>Urbem</strong></span> <span class='ocrx_word' id='word_1_32' title='bbox 1055 1275 1165 1349; x_wconf 84' lang='lat' dir='ltr'>rediit.</span> 
     </span>
    </p>

    <p class='ocr_par' dir='ltr' id='par_1_3' title="bbox 293 1393 1399 4109">
     <span class='ocr_line' id='line_1_7' title="bbox 439 1393 1399 1484; baseline 0.002 -16"><span class='ocrx_word' id='word_1_33' title='bbox 439 1395 577 1468; x_wconf 87' lang='lat' dir='ltr'><strong>XXXI.</strong></span> <span class='ocrx_word' id='word_1_34' title='bbox 615 1396 762 1468; x_wconf 81' lang='lat' dir='ltr'>Irsnnm</span> <span class='ocrx_word' id='word_1_35' title='bbox 786 1395 895 1470; x_wconf 88' lang='lat' dir='ltr'>ferme</span> <span class='ocrx_word' id='word_1_36' title='bbox 921 1393 1056 1484; x_wconf 84' lang='lat' dir='ltr'>diebus,</span> <span class='ocrx_word' id='word_1_37' title='bbox 1090 1393 1210 1468; x_wconf 88' lang='lat' dir='ltr'>iisdem</span> <span class='ocrx_word' id='word_1_38' title='bbox 1246 1397 1352 1470; x_wconf 85' lang='lat' dir='ltr'>caufis</span> <span class='ocrx_word' id='word_1_39' title='bbox 1395 1407 1399 1413; x_wconf 81' lang='grc'><strong><em>’</em></strong></span> 
     </span>
     <span class='ocr_line' id='line_1_8' title="bbox 379 1510 1350 1613; baseline 0.002 -27"><span class='ocrx_word' id='word_1_40' title='bbox 379 1513 600 1588; x_wconf 84' lang='lat' dir='ltr'>Germanicae</span> <span class='ocrx_word' id='word_1_41' title='bbox 639 1513 794 1613; x_wconf 81' lang='lat' dir='ltr'>legiones</span> <span class='ocrx_word' id='word_1_42' title='bbox 832 1518 994 1603; x_wconf 84' lang='lat' dir='ltr'>turbatae,</span> <span class='ocrx_word' id='word_1_43' title='bbox 1048 1510 1177 1613; x_wconf 80' lang='lat' dir='ltr'>quantd</span> <span class='ocrx_word' id='word_1_44' title='bbox 1221 1515 1350 1611; x_wconf 87' lang='lat' dir='ltr'>plures,</span> 
     </span>
     <span class='ocr_line' id='line_1_9' title="bbox 293 1631 1352 1732; baseline 0 -26"><span class='ocrx_word' id='word_1_45' title='bbox 293 1715 298 1732; x_wconf 45' lang='grc' dir='ltr'>Ι</span> <span class='ocrx_word' id='word_1_46' title='bbox 379 1631 475 1706; x_wconf 79' lang='lat' dir='ltr'>tanto</span> <span class='ocrx_word' id='word_1_47' title='bbox 488 1633 694 1706; x_wconf 74' lang='lat' dir='ltr'>violentius:</span> <span class='ocrx_word' id='word_1_48' title='bbox 720 1638 753 1707; x_wconf 76' lang='grc' dir='ltr'>δι</span> <span class='ocrx_word' id='word_1_49' title='bbox 772 1637 901 1732; x_wconf 56' lang='lat' dir='ltr'>magns</span> <span class='ocrx_word' id='word_1_50' title='bbox 914 1633 972 1731; x_wconf 90' lang='lat' dir='ltr'>spe</span> <span class='ocrx_word' id='word_1_51' title='bbox 985 1631 1059 1707; x_wconf 89' lang='lat' dir='ltr'>sore</span> <span class='ocrx_word' id='word_1_52' title='bbox 1073 1653 1114 1706; x_wconf 92' lang='lat' dir='ltr'>ut</span> <span class='ocrx_word' id='word_1_53' title='bbox 1125 1633 1352 1706; x_wconf 81' lang='lat' dir='ltr'>Germanicus</span> 
     </span>
     <span class='ocr_line' id='line_1_10' title="bbox 378 1749 1353 1850; baseline 0 -26"><span class='ocrx_word' id='word_1_54' title='bbox 378 1749 490 1825; x_wconf 86' lang='lat' dir='ltr'>Caesar</span> <span class='ocrx_word' id='word_1_55' title='bbox 518 1751 703 1850; x_wconf 90' lang='lat' dir='ltr'>imperium</span> <span class='ocrx_word' id='word_1_56' title='bbox 730 1751 867 1826; x_wconf 85' lang='lat' dir='ltr'>alterius</span> <span class='ocrx_word' id='word_1_57' title='bbox 895 1752 966 1849; x_wconf 86' lang='lat' dir='ltr'>pati</span> <span class='ocrx_word' id='word_1_58' title='bbox 987 1751 1159 1850; x_wconf 88' lang='lat' dir='ltr'>nequiret,</span> <span class='ocrx_word' id='word_1_59' title='bbox 1187 1754 1353 1849; x_wconf 85' lang='lat' dir='ltr'>daretque</span> 
     </span>
     <span class='ocr_line' id='line_1_11' title="bbox 379 1870 1353 1970; baseline 0.002 -27"><span class='ocrx_word' id='word_1_60' title='bbox 379 1870 412 1943; x_wconf 90' lang='lat' dir='ltr'>se</span> <span class='ocrx_word' id='word_1_61' title='bbox 429 1870 638 1970; x_wconf 83' lang='lat' dir='ltr'>legionibus,</span> <span class='ocrx_word' id='word_1_62' title='bbox 661 1872 696 1944; x_wconf 93' lang='lat' dir='ltr'>vi</span> <span class='ocrx_word' id='word_1_63' title='bbox 724 1871 782 1944; x_wconf 70' lang='lat' dir='ltr'>sub</span> <span class='ocrx_word' id='word_1_64' title='bbox 799 1873 1112 1946; x_wconf 68' lang='lat' dir='ltr'>cunstatraslurut.</span> <span class='ocrx_word' id='word_1_65' title='bbox 1161 1872 1245 1944; x_wconf 91' lang='lat' dir='ltr'>Duo</span> <span class='ocrx_word' id='word_1_66' title='bbox 1257 1873 1353 1968; x_wconf 86' lang='lat' dir='ltr'>apud</span> 
     </span>
     <span class='ocr_line' id='line_1_12' title="bbox 379 1987 1353 2088; baseline 0 -26"><span class='ocrx_word' id='word_1_67' title='bbox 379 1989 491 2086; x_wconf 86' lang='lat' dir='ltr'>ripam</span> <span class='ocrx_word' id='word_1_68' title='bbox 514 1990 632 2064; x_wconf 88' lang='lat' dir='ltr'>Rheni</span> <span class='ocrx_word' id='word_1_69' title='bbox 659 1990 830 2064; x_wconf 82' lang='lat' dir='ltr'>exercitus</span> <span class='ocrx_word' id='word_1_70' title='bbox 856 2011 977 2064; x_wconf 86' lang='lat' dir='ltr'>erant:</span> <span class='ocrx_word' id='word_1_71' title='bbox 1011 1990 1066 2064; x_wconf 90' lang='lat' dir='ltr'>cui</span> <span class='ocrx_word' id='word_1_72' title='bbox 1099 2015 1230 2062; x_wconf 89' lang='lat' dir='ltr'>nomen</span> <span class='ocrx_word' id='word_1_73' title='bbox 1255 1987 1353 2088; x_wconf 91' lang='lat' dir='ltr'>supe-</span> 
     </span>
     <span class='ocr_line' id='line_1_13' title="bbox 381 2107 1355 2207; baseline 0 -24"><span class='ocrx_word' id='word_1_74' title='bbox 381 2108 476 2198; x_wconf 87' lang='lat' dir='ltr'>riori,</span> <span class='ocrx_word' id='word_1_75' title='bbox 504 2107 567 2182; x_wconf 91' lang='lat' dir='ltr'>sub</span> <span class='ocrx_word' id='word_1_76' title='bbox 578 2110 621 2182; x_wconf 90' lang='lat' dir='ltr'>C.</span> <span class='ocrx_word' id='word_1_77' title='bbox 643 2108 724 2180; x_wconf 88' lang='lat' dir='ltr'>Silio</span> <span class='ocrx_word' id='word_1_78' title='bbox 742 2111 887 2207; x_wconf 87' lang='lat' dir='ltr'>legato;</span> <span class='ocrx_word' id='word_1_79' title='bbox 920 2108 1118 2182; x_wconf 86' lang='lat' dir='ltr'>inferiorem</span> <span class='ocrx_word' id='word_1_80' title='bbox 1145 2114 1192 2182; x_wconf 87' lang='lat' dir='ltr'>A.</span> <span class='ocrx_word' id='word_1_81' title='bbox 1217 2109 1355 2183; x_wconf 83' lang='lat' dir='ltr'>Caecina</span> 
     </span>
     <span class='ocr_line' id='line_1_14' title="bbox 380 2226 1354 2327; baseline -0.001 -23"><span class='ocrx_word' id='word_1_82' title='bbox 380 2233 533 2304; x_wconf 86' lang='lat' dir='ltr'>curabat.</span> <span class='ocrx_word' id='word_1_83' title='bbox 583 2229 759 2327; x_wconf 85' lang='lat' dir='ltr'>Regimen</span> <span class='ocrx_word' id='word_1_84' title='bbox 789 2226 935 2302; x_wconf 85' lang='lat' dir='ltr'>summae</span> <span class='ocrx_word' id='word_1_85' title='bbox 958 2228 1007 2301; x_wconf 90' lang='lat' dir='ltr'>rei</span> <span class='ocrx_word' id='word_1_86' title='bbox 1032 2253 1137 2326; x_wconf 91' lang='lat' dir='ltr'>penes</span> <span class='ocrx_word' id='word_1_87' title='bbox 1172 2231 1354 2303; x_wconf 83' lang='lat' dir='ltr'>Germani-</span> 
     </span>
     <span class='ocr_line' id='line_1_15' title="bbox 380 2348 1355 2446; baseline 0 -24"><span class='ocrx_word' id='word_1_88' title='bbox 380 2375 478 2440; x_wconf 88' lang='lat' dir='ltr'>cum,</span> <span class='ocrx_word' id='word_1_89' title='bbox 506 2349 643 2446; x_wconf 88' lang='lat' dir='ltr'>agendo</span> <span class='ocrx_word' id='word_1_90' title='bbox 680 2349 871 2422; x_wconf 85' lang='lat' dir='ltr'>Galliarum</span> <span class='ocrx_word' id='word_1_91' title='bbox 910 2348 1022 2422; x_wconf 91' lang='lat' dir='ltr'>censui</span> <span class='ocrx_word' id='word_1_92' title='bbox 1058 2368 1136 2421; x_wconf 93' lang='lat' dir='ltr'>tum</span> <span class='ocrx_word' id='word_1_93' title='bbox 1169 2349 1355 2422; x_wconf 78' lang='lat' dir='ltr'>intentum.</span> 
     </span>
     <span class='ocr_line' id='line_1_16' title="bbox 381 2466 1355 2567; baseline -0.001 -24"><span class='ocrx_word' id='word_1_94' title='bbox 381 2470 448 2543; x_wconf 88' lang='lat' dir='ltr'>Sed</span> <span class='ocrx_word' id='word_1_95' title='bbox 471 2467 597 2565; x_wconf 88' lang='lat' dir='ltr'>quibus</span> <span class='ocrx_word' id='word_1_96' title='bbox 621 2466 721 2540; x_wconf 88' lang='lat' dir='ltr'>Silius</span> <span class='ocrx_word' id='word_1_97' title='bbox 744 2469 1003 2558; x_wconf 82' lang='lat' dir='ltr'>moderabatur,</span> <span class='ocrx_word' id='word_1_98' title='bbox 1026 2488 1143 2541; x_wconf 89' lang='lat' dir='ltr'>mente</span> <span class='ocrx_word' id='word_1_99' title='bbox 1175 2468 1355 2567; x_wconf 51' lang='lat' dir='ltr'>ambigua,</span> 
     </span>
     <span class='ocr_line' id='line_1_17' title="bbox 381 2585 1356 2685; baseline -0.001 -25"><span class='ocrx_word' id='word_1_100' title='bbox 381 2586 557 2660; x_wconf 83' lang='lat' dir='ltr'>fortunam</span> <span class='ocrx_word' id='word_1_101' title='bbox 600 2585 771 2659; x_wconf 85' lang='lat' dir='ltr'>seditionis</span> <span class='ocrx_word' id='word_1_102' title='bbox 815 2587 936 2660; x_wconf 81' lang='lat' dir='ltr'>alienae</span> <span class='ocrx_word' id='word_1_103' title='bbox 967 2586 1253 2685; x_wconf 83' lang='lat' dir='ltr'>speculabantur:</span> <span class='ocrx_word' id='word_1_104' title='bbox 1303 2589 1356 2660; x_wconf 83' lang='lat' dir='ltr'>in·</span> 
     </span>
     <span class='ocr_line' id='line_1_18' title="bbox 384 2703 1357 2804; baseline -0.002 -24"><span class='ocrx_word' id='word_1_105' title='bbox 384 2705 517 2780; x_wconf 87' lang='lat' dir='ltr'>serioris</span> <span class='ocrx_word' id='word_1_106' title='bbox 545 2703 714 2779; x_wconf 69' lang='lat' dir='ltr'>exercitus</span> <span class='ocrx_word' id='word_1_107' title='bbox 746 2705 844 2779; x_wconf 89' lang='lat' dir='ltr'>miles</span> <span class='ocrx_word' id='word_1_108' title='bbox 869 2706 906 2778; x_wconf 90' lang='lat' dir='ltr'>in</span> <span class='ocrx_word' id='word_1_109' title='bbox 937 2707 1069 2781; x_wconf 85' lang='lat' dir='ltr'>rabiem</span> <span class='ocrx_word' id='word_1_110' title='bbox 1093 2705 1270 2804; x_wconf 85' lang='lat' dir='ltr'>prolapsus</span> <span class='ocrx_word' id='word_1_111' title='bbox 1293 2707 1357 2797; x_wconf 89' lang='lat' dir='ltr'>est,</span> 
     </span>
     <span class='ocr_line' id='line_1_19' title="bbox 383 2824 1358 2923; baseline 0.001 -24"><span class='ocrx_word' id='word_1_112' title='bbox 383 2845 462 2899; x_wconf 92' lang='lat' dir='ltr'>orto</span> <span class='ocrx_word' id='word_1_113' title='bbox 503 2828 548 2898; x_wconf 88' lang='lat' dir='ltr'>ab</span> <span class='ocrx_word' id='word_1_114' title='bbox 587 2825 882 2898; x_wconf 76' lang='lat' dir='ltr'>unetvicesimanis</span> <span class='ocrx_word' id='word_1_115' title='bbox 903 2824 1152 2923; x_wconf 81' lang='lat' dir='ltr'>quintanisque¹</span> <span class='ocrx_word' id='word_1_116' title='bbox 1179 2825 1288 2916; x_wconf 88' lang='lat' dir='ltr'>initio,</span> <span class='ocrx_word' id='word_1_117' title='bbox 1324 2831 1358 2900; x_wconf 78' lang='grc' dir='ltr'>δι</span> 
     </span>
     <span class='ocr_line' id='line_1_20' title="bbox 382 2942 1359 3044; baseline 0 -26"><span class='ocrx_word' id='word_1_118' title='bbox 382 2942 497 3018; x_wconf 68' lang='lat' dir='ltr'>tractis</span> <span class='ocrx_word' id='word_1_119' title='bbox 514 2943 628 3041; x_wconf 58' lang='lat' dir='ltr'>prims</span> <span class='ocrx_word' id='word_1_120' title='bbox 643 2969 786 3041; x_wconf 89' lang='lat' dir='ltr'>quoque</span> <span class='ocrx_word' id='word_1_121' title='bbox 800 2970 841 3018; x_wconf 89' lang='lat' dir='ltr'>ac</span> <span class='ocrx_word' id='word_1_122' title='bbox 854 2943 1013 3019; x_wconf 65' lang='lat' dir='ltr'>vicesimi</span> <span class='ocrx_word' id='word_1_123' title='bbox 1023 2945 1220 3044; x_wconf 87' lang='lat' dir='ltr'>legionibus</span> <span class='ocrx_word' id='word_1_124' title='bbox 1236 2974 1245 3018; x_wconf 75' lang='grc' dir='ltr'><strong><em>ε</em></strong></span> <span class='ocrx_word' id='word_1_125' title='bbox 1276 2971 1359 3018; x_wconf 91' lang='lat' dir='ltr'>nam</span> 
     </span>
     <span class='ocr_line' id='line_1_21' title="bbox 382 3061 1359 3154; baseline -0.001 -16"><span class='ocrx_word' id='word_1_126' title='bbox 382 3063 503 3138; x_wconf 87' lang='lat' dir='ltr'>iisdem</span> <span class='ocrx_word' id='word_1_127' title='bbox 531 3061 668 3154; x_wconf 83' lang='lat' dir='ltr'>aesti&#39;vis,</span> <span class='ocrx_word' id='word_1_128' title='bbox 697 3062 733 3134; x_wconf 90' lang='lat' dir='ltr'>in</span> <span class='ocrx_word' id='word_1_129' title='bbox 767 3063 896 3138; x_wconf 86' lang='lat' dir='ltr'>finibus</span> <span class='ocrx_word' id='word_1_130' title='bbox 924 3064 1106 3138; x_wconf 85' lang='lat' dir='ltr'>Ubiorum</span> <span class='ocrx_word' id='word_1_131' title='bbox 1129 3066 1359 3154; x_wconf 73' lang='lat' dir='ltr'>habebantur,</span> 
     </span>
     <span class='ocr_line' id='line_1_22' title="bbox 384 3182 1361 3283; baseline -0.002 -25"><span class='ocrx_word' id='word_1_132' title='bbox 384 3211 447 3283; x_wconf 90' lang='lat' dir='ltr'>per</span> <span class='ocrx_word' id='word_1_133' title='bbox 473 3183 601 3271; x_wconf 92' lang='lat' dir='ltr'>otium,</span> <span class='ocrx_word' id='word_1_134' title='bbox 627 3201 687 3254; x_wconf 89' lang='lat' dir='ltr'>aut</span> <span class='ocrx_word' id='word_1_135' title='bbox 712 3182 801 3256; x_wconf 89' lang='lat' dir='ltr'>levia</span> <span class='ocrx_word' id='word_1_136' title='bbox 828 3183 959 3256; x_wconf 83' lang='lat' dir='ltr'>munia.</span> <span class='ocrx_word' id='word_1_137' title='bbox 1007 3183 1121 3282; x_wconf 93' lang='lat' dir='ltr'>Igitur</span> <span class='ocrx_word' id='word_1_138' title='bbox 1139 3183 1259 3256; x_wconf 88' lang='lat' dir='ltr'>audito</span> <span class='ocrx_word' id='word_1_139' title='bbox 1291 3185 1361 3256; x_wconf 87' lang='lat' dir='ltr'>fine</span> 
     </span>
     <span class='ocr_line' id='line_1_23' title="bbox 384 3300 1361 3401; baseline -0.004 -23"><span class='ocrx_word' id='word_1_140' title='bbox 384 3301 550 3401; x_wconf 88' lang='lat' dir='ltr'>Augusti,</span> <span class='ocrx_word' id='word_1_141' title='bbox 569 3301 753 3373; x_wconf 85' lang='lat' dir='ltr'>vernacula</span> <span class='ocrx_word' id='word_1_142' title='bbox 769 3301 972 3393; x_wconf 88' lang='lat' dir='ltr'>multitudo,</span> <span class='ocrx_word' id='word_1_143' title='bbox 990 3327 1102 3399; x_wconf 86' lang='lat' dir='ltr'>nuper</span> <span class='ocrx_word' id='word_1_144' title='bbox 1113 3303 1190 3374; x_wconf 70' lang='lat' dir='ltr'>acto</span> <span class='ocrx_word' id='word_1_145' title='bbox 1210 3300 1247 3372; x_wconf 93' lang='lat' dir='ltr'>in</span> <span class='ocrx_word' id='word_1_146' title='bbox 1258 3302 1361 3374; x_wconf 90' lang='lat' dir='ltr'>Urbe</span> 
     </span>
     <span class='ocr_line' id='line_1_24' title="bbox 384 3416 1361 3510; baseline -0.002 -16"><span class='ocrx_word' id='word_1_147' title='bbox 384 3420 536 3509; x_wconf 74' lang='lat' dir='ltr'>delectu,</span> <span class='ocrx_word' id='word_1_148' title='bbox 564 3417 709 3492; x_wconf 88' lang='lat' dir='ltr'>lasciviae</span> <span class='ocrx_word' id='word_1_149' title='bbox 739 3416 845 3510; x_wconf 87' lang='lat' dir='ltr'>sueta,</span> <span class='ocrx_word' id='word_1_150' title='bbox 873 3422 1034 3495; x_wconf 89' lang='lat' dir='ltr'>laborum</span> <span class='ocrx_word' id='word_1_151' title='bbox 1056 3421 1256 3510; x_wconf 88' lang='lat' dir='ltr'>intolerans,</span> <span class='ocrx_word' id='word_1_152' title='bbox 1294 3421 1361 3492; x_wconf 87' lang='lat' dir='ltr'>im-</span> 
     </span>
     <span class='ocr_line' id='line_1_25' title="bbox 384 3538 1363 3638; baseline -0.001 -26"><span class='ocrx_word' id='word_1_153' title='bbox 384 3542 479 3638; x_wconf 90' lang='lat' dir='ltr'>plere</span> <span class='ocrx_word' id='word_1_154' title='bbox 493 3558 688 3612; x_wconf 87' lang='lat' dir='ltr'>ceterorum</span> <span class='ocrx_word' id='word_1_155' title='bbox 714 3538 817 3612; x_wconf 86' lang='lat' dir='ltr'>rudes</span> <span class='ocrx_word' id='word_1_156' title='bbox 842 3539 997 3613; x_wconf 86' lang='lat' dir='ltr'>animos:</span> <span class='ocrx_word' id='word_1_157' title='bbox 1025 3547 1053 3584; x_wconf 90' lang='lat'>“</span> <span class='ocrx_word' id='word_1_158' title='bbox 1065 3540 1202 3614; x_wconf 88' lang='lat' dir='ltr'>Venisse</span> <span class='ocrx_word' id='word_1_159' title='bbox 1224 3558 1363 3636; x_wconf 86' lang='lat' dir='ltr'>tempus</span> 
     </span>
     <span class='ocr_line' id='line_1_26' title="bbox 385 3655 1362 3758; baseline 0.001 -28"><span class='ocrx_word' id='word_1_160' title='bbox 385 3663 504 3756; x_wconf 88' lang='lat' dir='ltr'>“quo</span> <span class='ocrx_word' id='word_1_161' title='bbox 528 3655 682 3730; x_wconf 86' lang='lat' dir='ltr'>veterani</span> <span class='ocrx_word' id='word_1_162' title='bbox 705 3677 878 3732; x_wconf 88' lang='lat' dir='ltr'>maturam</span> <span class='ocrx_word' id='word_1_163' title='bbox 900 3659 1105 3750; x_wconf 75' lang='lat' dir='ltr'>missionem,</span> <span class='ocrx_word' id='word_1_164' title='bbox 1121 3658 1268 3758; x_wconf 83' lang='lat' dir='ltr'>juvenes</span> <span class='ocrx_word' id='word_1_165' title='bbox 1295 3660 1362 3731; x_wconf 91' lang='lat' dir='ltr'>lar·</span> 
     </span>
     <span class='ocr_line' id='line_1_27' title="bbox 307 3775 1364 3875; baseline 0.002 -27"><span class='ocrx_word' id='word_1_166' title='bbox 307 3865 310 3874; x_wconf 29' lang='lat'>¹</span> <span class='ocrx_word' id='word_1_167' title='bbox 386 3785 414 3822; x_wconf 89' lang='lat'><strong>“</strong></span> <span class='ocrx_word' id='word_1_168' title='bbox 433 3777 531 3875; x_wconf 87' lang='lat' dir='ltr'>giora</span> <span class='ocrx_word' id='word_1_169' title='bbox 546 3775 729 3874; x_wconf 90' lang='lat' dir='ltr'>stipendia,</span> <span class='ocrx_word' id='word_1_170' title='bbox 755 3777 870 3852; x_wconf 75' lang='lat' dir='ltr'>cuncti</span> <span class='ocrx_word' id='word_1_171' title='bbox 892 3781 1042 3852; x_wconf 92' lang='lat' dir='ltr'>modum</span> <span class='ocrx_word' id='word_1_172' title='bbox 1065 3777 1277 3854; x_wconf 86' lang='lat' dir='ltr'>miseriarum</span> <span class='ocrx_word' id='word_1_173' title='bbox 1302 3803 1364 3851; x_wconf 87' lang='lat' dir='ltr'>ex·</span> 
     </span>
     <span class='ocr_line' id='line_1_28' title="bbox 387 3894 1365 3996; baseline 0.002 -28"><span class='ocrx_word' id='word_1_174' title='bbox 387 3903 415 3942; x_wconf 90' lang='lat'>“</span> <span class='ocrx_word' id='word_1_175' title='bbox 432 3894 622 3994; x_wconf 88' lang='lat' dir='ltr'>poscerent,</span> <span class='ocrx_word' id='word_1_176' title='bbox 647 3894 880 3996; x_wconf 85' lang='lat' dir='ltr'>saevitiamque</span> <span class='ocrx_word' id='word_1_177' title='bbox 903 3898 1147 3972; x_wconf 86' lang='lat' dir='ltr'>centurionum</span> <span class='ocrx_word' id='word_1_178' title='bbox 1162 3895 1365 3972; x_wconf 89' lang='lat' dir='ltr'>ulcisceren-</span> 
     </span>
     <span class='ocr_line' id='line_1_29' title="bbox 389 4016 1363 4109; baseline 0 -21"><span class='ocrx_word' id='word_1_179' title='bbox 389 4025 416 4061; x_wconf 90' lang='lat'><strong>“</strong></span> <span class='ocrx_word' id='word_1_180' title='bbox 434 4017 527 4088; x_wconf 90' lang='lat' dir='ltr'>tur.”</span> <span class='ocrx_word' id='word_1_181' title='bbox 575 4017 764 4091; x_wconf 75' lang='lat' dir='ltr'>Non‘unus</span> <span class='ocrx_word' id='word_1_182' title='bbox 785 4018 874 4109; x_wconf 87' lang='lat' dir='ltr'>haec,</span> <span class='ocrx_word' id='word_1_183' title='bbox 898 4039 938 4092; x_wconf 92' lang='lat' dir='ltr'>ut</span> <span class='ocrx_word' id='word_1_184' title='bbox 961 4016 1177 4092; x_wconf 86' lang='lat' dir='ltr'>Pannonicas</span> <span class='ocrx_word' id='word_1_185' title='bbox 1200 4018 1289 4091; x_wconf 91' lang='lat' dir='ltr'>inter</span> <span class='ocrx_word' id='word_1_186' title='bbox 1313 4018 1363 4088; x_wconf 90' lang='lat' dir='ltr'>le-</span> 
     </span>
    </p>
   </div>
   <div class='ocr_carea' id='block_1_3' title="bbox 0 0 1655 5284">
    <p class='ocr_par' dir='ltr' id='par_1_4' title="bbox 0 0 1655 5284">
     <span class='ocr_line' id='line_1_30' title="bbox 0 0 1655 5284; baseline 0 0"><span class='ocrx_word' id='word_1_187' title='bbox 0 0 1655 5284; x_wconf 95' lang='lat' dir='ltr'> </span> 
     </span>
    </p>
   </div>
  </div>
 </body>
</html>
