3259 5284
524 709 831 791 Animum
863 711 1035 791 [ΛΜ
1230 739 1251 814 5

280 897 342 954 mo
357 876 424 958 sul,
447 883 544 964 Nam
557 881 689 980 genitos
703 883 876 982 Agrippi,
892 883 1019 959 Caium
1031 908 1071 958 ac
1081 884 1251 975 Lucium,

281 999 318 1072 in
345 1001 512 1084 familiam
537 1002 713 1081 Caesarum
738 1005 938 1090 induxerat;
965 1006 1117 1079 necdum
1145 1007 1253 1106 posui

280 1120 401 1216 puerili
418 1125 596 1218 praetextr,
615 1125 776 1222 principes
778 1126 961 1222 juventutis
976 1124 1155 1220 appellari,
1173 1123 1251 1200 des-

279 1237 380 1320 tinari
400 1240 568 1332 consules,
596 1239 708 1340 specie
724 1242 906 1321 recusantis
917 1243 1171 1342 flagrantiliimi
1188 1271 1251 1319 cu-

282 1357 423 1454 piverat.
472 1363 526 1436 Ut
542 1364 701 1462 Agrippa
726 1363 796 1440 viti
824 1365 995 1452 concellit,
1021 1365 1068 1436 L.
1084 1361 1253 1440 Caesarem

279 1499 418 1554 euntem
435 1482 477 1557 od
496 1480 738 1578 Hispanienses
755 1483 938 1573 exercitus,
955 1481 1082 1556 Caium
1096 1507 1252 1558 remean-

253 1632 256 1639 =
278 1615 350 1670 tem
363 1601 542 1692 Armenio,
557 1605 743 1678 &vulnere
759 1602 967 1692 invalidum,
985 1627 1077 1676 mors
1088 1599 1159 1674 fato
1172 1628 1251 1699 pro·

282 1741 375 1812 pera,
389 1721 445 1792 vel
462 1745 618 1794 novercae
635 1721 749 1797 Liviae
768 1724 870 1798 dolus
886 1720 1042 1806 abstuli13
1068 1719 1253 1819 Drusoque

258 1836 415 1932 ‘pridem
433 1839 613 1930 exstinllm
624 1843 722 1914 Nero
737 1840 826 1916 solus
839 1867 859 1914 e
871 1838 1038 1938 privignis
1053 1857 1142 1916 erat:
1169 1839 1255 1914 illuc

281 1959 405 2038 munile
430 1983 589 2056 vergere:
631 1959 735 2052 lilius,
770 1963 905 2057 collega
932 1958 1082 2055 imperii,
1118 1956 1253 2032 consors

280 2073 472 2149 tribunicio
484 2077 656 2174 potestatis
669 2076 870 2168 adsumitur,
882 2075 1071 2174 omnesque
1084 2104 1144 2174 per
1153 2103 1251 2152 exer·

279 2193 368 2278 „citus
384 2196 586 2293 osturtarur:
613 2224 684 2273 non
695 2197 859 2288 obscuris,
878 2217 1040 2285 mantea,
1059 2196 1176 2274 matris
1198 2223 1252 2273 ar·

279 2311 386 2406 tibus,
405 2313 462 2392 sed
480 2319 595 2413 palam
612 2319 758 2396 hortatu.
807 2320 904 2392 Nam
920 2315 1035 2389 senem
1052 2316 1255 2413 Augustum

279 2432 484 2508 devinxerat
507 2434 678 2524 adeb„utl
696 2455 860 2534 nepotem
876 2435 1035 2526 unicum,
1054 2436 1254 2534 Agrippam

278 2547 498 2645 Postumum,
511 2554 548 2628 in
558 2553 702 2630 insulam
711 2557 901 2629 Planafiam
914 2553 1109 2652 projiceret:
1128 2561 1254 2632 rudem

278 2667 356 2744 sane
381 2674 551 2748 bonarum
573 2675 712 2776 artrjufi,
743 2677 787 2748 ὃτ-
805 2676 928 2747 robore
956 2674 1105 2769 corporis
1129 2675 1253 2754 stolide

279 2786 443 2882 ferocem,
457 2791 583 2876 nullius
596 2813 712 2868 tamen
725 2792 847 2892 flagitii
864 2811 1093 2888 compertum.
1111 2798 1162 2865 At
1174 2796 1252 2866 her·
1264 2831 1279 2860 .

279 2909 356 2982 cure
369 2912 737 2988 GermanicumDruso
745 2933 877 3000 ortum,
887 2912 968 2984 οᾶο
977 2909 1073 3005 apud
1084 2911 1254 2985 Rhenum

280 3027 474 3126 legionibus
500 3029 675 3128 imposuit,
701 3028 891 3127 adscirique
915 3053 976 3125 per
990 3027 1254 3124 adoptionema

278 3143 422 3224 Tiberio
443 3149 552 3246 justit,
581 3177 797 3250 quamquam
824 3149 905 3222 elset
932 3146 969 3218 in
984 3147 1093 3220 domo
1119 3127 1254 3221 Tiberii

280 3267 370 3347 filius
373 3267 670 3368 juvenis,sedquo
681 3269 836 3367 pluribus
847 3265 1069 3340 munimentis
1080 3263 1278 3346 insisteret.l

279 3387 414 3464 Bellum
430 3392 471 3462 el
492 3390 691 3486 tempestate
720 3391 871 3477 nullum,
904 3387 965 3460 nisr
987 3385 1148 3460 adversus
1164 3389 1252 3460 Ger·

280 3527 401 3578 manos
433 3505 620 3604 supererat:
660 3509 840 3582 abolendae
868 3504 980 3603 magis
1007 3504 1172 3596 infamiae,
1206 3509 1254 3580 ob

280 3623 441 3700 amilium
470 3653 552 3702 cum
577 3625 770 3726 Qrinffilio
796 3629 889 3701 Varo
914 3624 1121 3714 exercitum,
1144 3626 1254 3721 quim

279 3743 444 3840 cupidine
462 3745 654 3842 proferendi
676 3745 826 3843 imperii,
851 3765 911 3818 aut
935 3744 1084 3842 dignum
1100 3746 1149 3816 ob
1165 3769 1252 3838 prae-

280 3860 402 3934 mium.
428 3864 537 3937 Domi
554 3889 605 3938 res
621 3865 834 3962 tranquille:
853 3867 975 3940 eadem
992 3863 1255 3960 magistratuum

281 3983 462 4056 vocabula.
499 3983 742 4084 Juniorespost
753 3981 1253 4073 Aetiacamviuoriam,etiam
