3259 5284
424 640 428 647 .
537 572 848 642 Aur-mou
874 566 988 638 Lra.
1013 562 1075 638 111.
1226 586 1287 659 14¹

320 762 485 833 tarentur,
519 768 578 833 an,
608 765 666 834 ne,
692 744 852 817 omnium
876 742 986 817 oeulis
1011 741 1147 813 vultum
1173 764 1293 813 eorum

320 862 563 953 scrutantibus,
590 862 661 936 falfi
677 864 956 962 intelligerentur.
1006 864 1160 935 Matrem
1180 865 1292 935 Anto-

320 984 415 1057 niam
431 1008 503 1056 non
518 983 613 1079 apud
629 984 784 1056 auctores
806 1006 935 1073 rerum,
966 1004 1035 1053 non
1056 976 1179 1053 diurn&
1200 982 1294 1052 adto-

320 1127 401 1175 rum
425 1100 602 1198 scriptura,
632 1100 765 1198 reperio
793 1104 868 1174 ullo
897 1100 1020 1198 infigni
1052 1085 1167 1172 officio
1194 1098 1294 1172 sunc-

320 1240 412 1307 tam3
427 1222 513 1295 clun
524 1221 623 1319 super
640 1221 889 1319 Agrippinam,
904 1226 937 1294 δι
956 1218 1121 1311 Drusum,
1139 1225 1172 1292 δι
1189 1222 1295 1294 Clau·

319 1339 433 1428 dium,
455 1339 559 1413 ceteri
577 1365 718 1438 quoque
735 1339 980 1437 consanguinei
996 1338 1201 1413 nominatim
1218 1366 1293 1437 per·

316 1455 435 1555 scripti
451 1462 528 1531 fint:
546 1459 604 1532 seu
620 1460 817 1532 valetudine
829 1459 1116 1557 praepediebatur,
1145 1456 1201 1530 seu
1223 1459 1295 1532 vic-

319 1599 375 1651 tus
391 1580 487 1651 luctu
498 1579 649 1668 animus,
663 1579 938 1676 magnitudinem
956 1578 1038 1651 mali
1056 1577 1206 1677 perferre
1222 1574 1297 1651 visu

320 1722 393 1771 non
409 1698 589 1771 toleravit:
616 1697 747 1771 facilius
762 1698 983 1788 crediderim,
1006 1696 1150 1771 Tiberio
1168 1702 1200 1770 δι
1220 1702 1296 1770 Au·

323 1817 436 1915 gustd,
466 1816 528 1913 qui
548 1818 658 1889 domo
680 1841 750 1889 non
769 1817 997 1906 excedebant,
1023 1816 1229 1906 cohibitam,
1256 1836 1296 1889 ut

323 1957 385 2034 par
412 1961 549 2026 rnaeror,
577 1940 610 2008 &
628 1936 746 2009 matris
774 1939 953 2035 exemplo,
987 1936 1065 2010 avia
1093 1940 1296 2035 quoque&

328 2076 470 2155 patruus
493 2056 628 2129 attineri
651 2057 862 2129 viderentur.

371 2178 434 2249 IV.
452 2178 568 2266 Drss,
597 2202 669 2274 quo
684 2176 837 2275 reliquiae
856 2179 993 2251 tumulo
1006 2177 1156 2275 Augusti
1173 2176 1297 2250 insere·

322 2294 466 2387 bantur,
492 2295 601 2369 modo
625 2322 685 2393 per
705 2296 875 2370 silentium
900 2296 1026 2387 vastus,
1055 2296 1163 2369 modb
1185 2297 1298 2392 plora-

322 2416 416 2488 tibus
430 2414 565 2513 inquies
579 2445 588 2488 :
617 2417 719 2512 plena
730 2415 839 2489 Urbis
851 2415 985 2505 itinera,
1004 2419 1225 2490 conlucentes
1238 2440 1299 2513 per

323 2560 489 2631 campum
506 2534 630 2607 Martis
646 2534 755 2608 faces:
780 2534 850 2607 illic
869 2535 967 2609 miles
979 2560 1061 2608 cum
1073 2536 1191 2625 armis,
1231 2538 1299 2607 fine

325 2652 515 2748 insignibus
529 2653 761 2751 magistratus,
778 2656 927 2749 populus
939 2680 1000 2751 per
1010 2655 1133 2743 tribus,
1149 2654 1299 2727 “conci-

326 2778 355 2813 “
372 2771 459 2842 disse
480 2769 747 2865 rempublicam,
771 2771 857 2842 nihil
872 2770 941 2869 spei
955 2771 1151 2869 reliquum''
1179 2772 1299 2845 clami-

325 2892 462 2975 tabant3
482 2888 677 2985 promptius
688 2887 917 2986 apertiusque,
937 2890 1045 2986 quarn
1058 2910 1097 2963 ut
1110 2890 1300 2963 meminisse

325 3006 598 3104 imperitantium
608 3008 775 3081 crederes.
791 3007 892 3082 Nihil
904 3029 1020 3081 tamen
1030 3008 1211 3081 Tiberium
1225 3036 1298 3082 ma-

327 3126 379 3224 gis
386 3124 589 3222 penetravit,
608 3127 715 3223 quim
727 3126 838 3201 studia
850 3128 1032 3201 hominum
1047 3126 1186 3202 accensa
1197 3128 1233 3200 in
1247 3134 1299 3202 Α-

326 3243 656 3341 grippinam3cl1m
691 3247 845 3319 “decus
870 3246 999 3344 patria,
1025 3245 1135 3319 solum
1148 3248 1301 3345 Augusti

326 3370 355 3405 “
371 3362 590 3461 sanguinem,
618 3364 764 3437 unicum
786 3366 998 3464 antiquitatis
1022 3365 1219 3465 specimen”
1238 3392 1300 3465 ap-

325 3482 503 3577 pellarent,
529 3486 686 3581 versique
701 3486 745 3558 ad
762 3487 887 3559 caelum
899 3510 939 3559 ac
951 3488 1049 3577 deos,
1074 3486 1246 3585 integram
1259 3484 1300 3559 il-

326 3598 535 3693 lisubolem,
562 3628 603 3678 ac
620 3598 831 3701 superstitem
848 3604 1047 3703 iniquorum
1065 3628 1293 3703 precarentur.

374 3720 419 3790 V.
435 3721 649 3820 Fnsnquui
667 3724 797 3819 publici
818 3722 945 3797 limeris
962 3749 1129 3822 pompam
1144 3728 1297 3823 require-

326 3854 416 3923 rent,
448 3862 758 3939 compararentque
789 3868 869 3939 quae
902 3842 938 3916 in
968 3841 1133 3935 Drusum,
1169 3866 1300 3941 patrem

329 3956 547 4050 Germanici,
563 3960 696 4037 honora
708 3964 742 4039 &
755 3962 941 4063 magnifica
953 3966 1134 4065 Augustus
1146 3962 1297 4039 fecisset:
