3259 5284
494 590 1035 665 AnnnnruMLrn.lV.
1187 612 1255 685 245

275 765 407 865 junxit,
444 768 651 865 plerumque
689 789 910 862 permoveor,
949 786 1034 835 num
1067 758 1111 831 ad
1144 756 1258 855 ipsum

283 885 401 959 referri
433 885 548 959 verius
582 890 632 975 fit,
674 884 839 957 saevitiam
870 908 911 954 ac
946 878 1142 966 libidinem,
1176 878 1261 949 cum

286 1005 385 1079 fadis
419 1025 606 1101 promeret,
643 1002 727 1075 locis
763 1003 1008 1075 occultantem.
1066 999 1173 1069 Erant
1200 994 1261 1092 qui

285 1126 477 1213 crederent,
504 1123 539 1195 in
560 1122 731 1195 senedute
758 1118 913 1217 corporis
935 1142 1077 1213 quoque
1103 1114 1261 1187 habitum

286 1242 410 1341 pudori
439 1240 560 1315 fuisse:
589 1240 720 1337 quippe
744 1238 794 1311 illi
824 1235 1028 1334 praegracilis
1055 1239 1088 1307 δι
1115 1234 1262 1305 incurva

287 1362 485 1460 proceritas,
515 1362 627 1433 nudus
653 1358 778 1455 capillo
804 1377 937 1444 vertex,
969 1352 1119 1427 ulcerosa
1142 1352 1259 1440 facies,

285 1506 326 1555 ac
347 1482 549 1579 plerumque
563 1476 849 1551 medicaminibus
860 1473 1085 1546 interstinsla:
1106 1477 1138 1546 δι
1159 1475 1259 1547 Rho-

285 1599 322 1671 di
340 1598 483 1687 secreto‚
510 1598 617 1671 vitare
640 1615 764 1684 coctus,
790 1594 977 1666 recondere
994 1593 1190 1687 voluptates
1207 1591 1260 1663 in·

287 1716 407 1793 suerat.
473 1716 639 1789 Traditur
674 1714 778 1786 etiam
813 1711 931 1784 matris
965 1709 1168 1806 impotentis
1200 1734 1261 1781 ex-

288 1833 432 1923 trusum,
462 1860 568 1930 quam
590 1830 836 1907 dominationis
858 1829 987 1903 sociam
1004 1828 1260 1925 aspernabatur,

288 1977 403 2049 neque
424 1954 594 2049 depellere
621 1970 766 2047 poterat,
794 1950 876 2023 clim
905 1948 1181 2021 dominationem
1209 1948 1262 2044 ip·

288 2069 360 2145 sam
392 2072 528 2143 donum
559 2068 630 2167 ejus
662 2068 852 2165 accepisset.
916 2069 1013 2140 Nam
1045 2066 1263 2140 dubitaverat

289 2190 470 2289 Augustus
488 2186 736 2262 Germanicum
766 2186 885 2260 sororis
908 2208 1087 2283 nepotem,
1106 2191 1140 2259 dr
1157 2210 1262 2260 cunc·

288 2309 331 2383 tis
360 2310 553 2397 laudatum,
582 2306 630 2381 rei
654 2311 828 2380 Romanae
851 2306 1052 2403 imponere:
1096 2306 1153 2379 led
1185 2334 1263 2404 pre-

288 2428 387 2503 cibus
417 2426 534 2499 uxoris
566 2426 711 2516 evictus,
743 2425 887 2500 Tiberio
911 2426 1174 2516 Germanicum,
1202 2428 1263 2501 fibi

290 2546 474 2621 Tiberium
501 2543 656 2619 adscivit.
716 2545 828 2642 ldque
845 2544 1003 2642 Augusta
1019 2549 1264 2643 exprobrabat,

291 2665 500 2761 reposcebat.

339 2785 471 2856 LVlll.
497 2784 731 2856 Pnornerro
759 2786 855 2857 ardo
878 2785 1045 2857 comitatu
1068 2784 1149 2858 fuit:
1177 2813 1267 2860 unus

292 2902 425 2977 senator
453 2900 629 2975 consulatu
661 2900 812 2990 fundus,
850 2904 1018 2976 Cocceius
1051 2906 1183 2994 Nerva,
1211 2910 1268 2979 cui

291 3024 411 3119 legum
430 3020 570 3117 peritia;
597 3046 703 3119 eques
721 3024 917 3113 Romanus,
941 3043 1064 3119 praeter
1090 3020 1266 3119 Sejanum‚

291 3166 338 3213 ex
367 3139 565 3213 inlustribus
591 3140 730 3213 Curtius
749 3141 914 3213 Atticus:
940 3141 1043 3213 ceteri
1069 3140 1266 3217 liberalibus

292 3260 410 3333 studiis
435 3257 583 3356 praediti,
610 3257 717 3331 ferme
741 3258 869 3349 Graeci,
887 3286 1039 3356 quorum
1055 3260 1268 3361 sermonibus

293 3382 473 3465 levaretur.
522 3381 692 3452 Ferebant
716 3376 814 3473 periti
846 3379 1046 3468 caelestium,
1074 3386 1100 3421 “
1126 3378 1166 3452 iis
1191 3406 1268 3454 mo·

293 3499 430 3573 “tibus
464 3500 611 3571 siderum
643 3496 813 3571 excellrlse
850 3501 967 3571 Romal
993 3498 1193 3589 Tiberium,
1226 3522 1266 3575 ut

293 3618 468 3691 “reditus
491 3618 540 3689 illi
565 3620 793 3715 negaretur:'’
817 3618 911 3689 unde
932 3618 1028 3691 exitii
1054 3618 1152 3691 causa
1174 3624 1266 3693 mul-

292 3735 336 3808 tis
353 3735 431 3824 fnit,
458 3762 644 3833 properum
666 3737 772 3808 finem
789 3736 867 3808 vitae
884 3734 1167 3833 conjoclantibus,
1190 3742 1267 3813 vul-

295 3851 543 3951 gantibusque:
567 3881 680 3952 neque
697 3855 789 3929 enim
807 3876 880 3927 tam
895 3855 1136 3930 incredibilem
1152 3858 1267 3932 casum

295 3971 543 4069 providebant,
587 3995 625 4048 ut
655 3974 817 4047 undecim
845 4000 907 4071 per
933 4000 1043 4049 annos
1066 3975 1176 4051 libens
1207 4004 1268 4075 pa·

722 4096 759 4167 R
785 4118 805 4191 3
