3259 5284
488 630 791 700 naaman
822 622 935 694 Lra.
970 622 1033 695 vt.
1180 649 1250 723 309

281 800 456 890 homibus,
486 800 613 873 Surena
648 797 760 895 patrio
777 810 891 869 ¹more
917 794 1100 867 Tiridaten
1132 795 1254 895 infigni
1291 876 1298 886 ,

282 920 378 1018 regio
391 918 534 993 evinxit.

222 1108 228 1119 .
331 1042 466 1113 XLIII.
492 1044 550 1112 Ac
571 1064 602 1113 st
625 1062 774 1111 srarnu
792 1036 964 1124 interiora,
983 1033 1177 1133 ceterasque
1193 1062 1254 1109 na,

280 1158 391 1231 tiones
415 1157 596 1255 petivillet,
622 1158 780 1254 opprella
805 1154 1055 1231 cunctantium.
1068 1154 1254 1246 dubitatio,

282 1284 317 1351 ὅτ
344 1302 465 1351 omnes
498 1278 536 1351 in
560 1303 671 1351 unum
700 1277 895 1357 cedebant:
922 1275 1110 1347 adstdendo
1136 1276 1255 1349 castel-

281 1398 368 1487 lum,
388 1398 423 1469 in
441 1398 537 1494 quod
556 1397 738 1493 pecuniam
752 1401 785 1468 δι
804 1394 942 1490 pellices
959 1396 1155 1467 Artabanus
1171 1420 1255 1467 con-

278 1518 414 1609 tulerat,
431 1516 528 1589 dedit
542 1515 688 1613 spatium
707 1513 857 1587 exuendi
876 1514 986 1609 pacta.
1034 1514 1131 1585 Nam
1149 1514 1256 1585 Phra-

260 1644 364 1723 ates,
392 1640 424 1707 δι
453 1636 580 1724 Hiero,
611 1638 644 1706 &
672 1639 693 1707 fi
720 1635 780 1733 qui
798 1632 855 1705 alii
884 1634 1059 1706 detectum
1086 1632 1257 1729 capiendo

280 1752 469 1825 diademati
489 1754 584 1825 diem
599 1754 694 1825 haud
711 1755 1050 1844 concelebraverant,
1081 1776 1158 1848 pars
1181 1778 1254 1826 me-

281 1891 333 1959 tu,
363 1868 506 1966 quidam
535 1871 665 1944 invidia
685 1872 720 1943 in
739 1870 961 1969 Abdagesen‚
992 1871 1052 1968 qui
1070 1892 1146 1945 tum
1163 1874 1254 1963 aula,

283 1992 317 2059 δι
335 2014 430 2061 novo
455 2015 537 2088 rege
562 1990 770 2087 potiebatur,
797 1991 842 2063 ad
871 1992 1087 2065 Artabanum
1112 1994 1254 2071 vertere.

283 2106 382 2205 Isque
399 2107 434 2181 in
452 2110 626 2204 Hyrcanis
645 2130 798 2207 repertus
816 2110 878 2198 est,
897 2108 1028 2182 inluvie
1050 2111 1193 2200 obsum,
1220 2118 1255 2185 δι

283 2228 447 2307 alimenta
461 2242 463 2249 '
479 2255 560 2302 arcu
587 2228 796 2325 expediens:
833 2254 874 2301 ac
907 2226 1033 2324 primo,
1053 2242 1256 2327 ‘tamquam

282 2348 384 2421 dolus
402 2367 589 2445 pararetur,
608 2347 765 2434 territus3
782 2347 845 2420 ubi
860 2348 941 2419 data
952 2348 1038 2420 fides
1063 2353 1091 2390 “
1110 2350 1257 2423 redden-

281 2472 309 2509 “
328 2467 382 2541 dae
401 2467 630 2541 dominationi
645 2467 813 2557 veniffe,”
829 2467 1010 2539 adlevatur
1025 2466 1197 2559 animum,
1221 2476 1258 2544 &-

283 2592 310 2632 “
329 2613 408 2683 quae
424 2587 600 2683 repentina
616 2586 783 2659 mutatio”
811 2584 974 2683 exquirit.
1023 2586 1121 2659 Tum
1139 2589 1255 2663 Hiero

282 2704 515 2800 “pueritiam
539 2702 729 2777 Tiridatis’'
753 2703 909 2800 increpat
922 2733 933 2789 ;
962 2711 1121 2801 “neque
1151 2732 1255 2803 penes

284 2821 518 2897 “Arsaciden
549 2820 748 2919 imperium,
778 2821 838 2896 sed
860 2824 961 2899 inane
997 2850 1128 2901 nomen
1160 2832 1257 2924 apud

283 2941 510 3014 “imbellem
542 2945 683 3015 externa
709 2940 870 3031 mollitia,
898 2940 972 3015 vim
1002 2943 1038 3017 in
1063 2946 1256 3045 Abdagefis

284 3066 313 3104 “
331 3062 476 3138 dom0.’'

329 3182 463 3255 XLIV.
481 3183 625 3253 Suasit
644 3200 742 3253 verus
759 3182 938 3279 regnandi,
956 3181 1054 3257 falsos
1069 3182 1104 3255 in
1120 3210 1254 3277 amore,

281 3299 363 3374 odia
386 3326 458 3373 non
475 3302 628 3399 lingere:
656 3325 719 3373 nec
736 3301 825 3373 ultra
849 3295 1018 3392 moratus,
1045 3304 1152 3401 quam
1168 3306 1257 3381 dum

281 3423 486 3518 Scythamm
515 3418 644 3493 auxilia
673 3418 841 3510 conciret,
875 3420 988 3518 pergit
1012 3448 1191 3519 properus,
1221 3432 1257 3501 lle

282 3539 494 3639 praeveniens
520 3538 739 3613 inimicorum
772 3540 874 3629 astus,
912 3539 1106 3615 amicorum
1145 3544 1255 3641 paeni-

281 3661 444 3747 tentiam:
464 3684 577 3759 neque
593 3678 735 3733 exuerat
754 3661 943 3757 paedorem,
967 3682 1005 3733 ut
1020 3663 1170 3761 vulgum
1186 3665 1254 3741 mi·

281 3766 446 3851 [eratione
469 3780 676 3852 adverteret:
708 3804 779 3852 non
795 3778 898 3869 fraus,
924 3805 996 3855 non
1013 3809 1144 3879 preces,
1170 3785 1256 3859 nihil

282 3894 457 3985 omillum‚
475 3922 547 3993 quo
571 3898 755 3993 ambiguos
779 3898 945 3989 inliceret,
974 3902 1124 3999 prompti
1140 3904 1255 3976 firma-

283 4032 409 4091 rentur.
459 4018 610 4119 Jamque
632 4019 739 4091 multal
755 4044 862 4093 manu
878 4019 1073 4120 propinqua
1091 4022 1256 4108 seleucia
