3259 5284
1193 603 1233 680 ix

253 780 351 858 usum
380 779 468 854 mihi
494 778 714 877 impetraret;
740 776 799 852 sed
827 773 912 850 nihil
939 772 1073 846 efficere
1100 766 1229 866 potuit,

256 927 337 978 cum
352 925 433 975 eum
450 899 589 997 reperiri
606 925 628 974 a
651 897 684 972 se
701 897 846 996 potuiffe
862 911 1019 992 negaret,
1036 887 1097 988 qui
1112 913 1232 963 curam

257 1020 476 1094 Bibliothecae
492 1020 607 1093 habet.
649 1019 760 1092 Fama
775 1015 881 1089 etiam
896 1010 1077 1110 quondam
1099 1005 1233 1084 fuitde

256 1139 387 1212 Codice
402 1137 546 1235 antiquo
563 1136 691 1228 Taciti,
721 1136 782 1234 qui
807 1136 1011 1231 Bambergae
1032 1129 1231 1204 servaretur.

257 1259 323 1332 Sed
339 1260 462 1330 Franc.
481 1255 642 1346 Modius,
672 1255 829 1353 aLipfio
841 1254 942 1326 deco
962 1248 1149 1337 consultus,
1178 1270 1233 1319 re·

257 1375 383 1472 scripsit
406 1376 473 1471 (T.
494 1401 524 1447 1.
543 1376 689 1449 collect.
719 1399 775 1472 ep.
795 1376 913 1451 Burtn.
931 1398 966 1468 p.
990 1371 1088 1467 107.)
1113 1364 1234 1441 falsam

255 1495 353 1568 illam
369 1494 499 1570 famam
516 1496 597 1586 effe,
622 1494 894 1593 necquicquam
915 1491 966 1565 ibi
992 1486 1148 1586 reperiri,
1172 1486 1236 1558 nifi

257 1639 383 1710 paucas
409 1614 564 1688 elibello
580 1615 626 1687 de
646 1613 802 1687 motibus
827 1615 1087 1686 Germanorum
1110 1607 1235 1707 plagu·
1310 1671 1317 1684 .

257 1735 320 1823 las,
351 1733 473 1831 easque
490 1735 619 1808 recenti
636 1732 906 1830 manuscriptas.

306 1851 416 1926 Multi
435 1873 598 1949 praeterea
613 1853 670 1926 alii
687 1851 836 1926 Codices
846 1853 962 1951 adhuc
978 1853 1085 1924 latent
1102 1846 1138 1920 in
1152 1847 1235 1920 Bib·
1358 1924 1362 1932 ,

258 1969 428 2061 liothecis,
459 1973 618 2046 nondum
643 1971 823 2068 excerpti:
859 1997 879 2045 e
906 1971 1046 2068 quibus,
1070 1991 1142 2040 non
1168 1967 1235 2040 du·

260 2089 348 2178 bito,
379 2089 465 2186 quin
480 2090 611 2188 aliquid
629 2093 730 2164 bonae
759 2087 871 2188 frugis
887 2087 1006 2186 colligi
1033 2087 1144 2183 pollit.
1194 2087 1237 2156 ln

257 2205 391 2282 MSStis
416 2207 639 2283 Bibliothecae
664 2209 837 2282 Mediceae
865 2227 932 2282 tres
955 2208 1237 2280 membranaceos
1365 2249 1370 2258 ·

258 2326 527 2400 commemorari
539 2327 658 2417 video,
676 2330 721 2400 ab
732 2326 917 2425 antiquiori
932 2327 1008 2415 illo,
1022 2349 1127 2422 quern
1138 2325 1236 2397 Lan·

259 2445 488 2543 gobardicurn
507 2466 647 2538 vocant,
676 2445 839 2536 diversos,
868 2445 905 2518 iu
920 2446 1039 2541 pluteo
1055 2447 1114 2517 68.
1142 2441 1237 2540 apud

258 2565 410 2637 eundem
434 2564 757 2639 Montefalconium
788 2591 824 2660 p.
845 2587 926 2661 374.
951 2590 972 2637 a
1000 2563 1129 2662 quibus
1152 2580 1239 2658 puto

257 2707 330 2755 non
346 2679 498 2764 diversos
515 2684 596 2773 effe,
625 2710 713 2781 quos
730 2683 882 2762 Pichena
907 2682 1089 2781 aliquoties
1117 2683 1236 2756 laudat

262 2801 299 2884 in
316 2800 405 2875 notis
434 2801 478 2874 ad
495 2801 672 2876 Tacitum.
721 2802 855 2899 Repeti
872 2802 976 2876 etiam
993 2828 1015 2874 a
1029 2804 1070 2873 P.
1085 2800 1241 2874 Vitlon'o

258 2919 441 3016 antiquum
473 2920 643 2996 Codicem
667 2921 782 2996 Taciti
810 2923 987 2994 Venetum
1013 2918 1239 2994 Bibliotheca

259 3041 296 3114 S.
312 3039 426 3112 Marci
442 3039 587 3130 laudari,
606 3041 651 3114 ad
667 3040 744 3113 Cic.
764 3066 819 3136 ep.
836 3041 885 3128 Il,
908 3064 962 3114 12.
989 3061 1097 3136 quem
1120 3054 1239 3109 tamen

261 3153 384 3238 frustra
400 3157 435 3229 in
451 3159 620 3256 Catalogo
637 3161 738 3232 MSS.
763 3156 835 3256 ejus
862 3157 1099 3247 Bibliothecae,
1122 3158 1168 3228 ab
1184 3157 1239 3227 Ill.

260 3277 450 3372 Theupolo
477 3275 586 3368 edit0,
619 3275 768 3374 quaesivi.
819 3277 916 3352 Nam
944 3276 1083 3365 Codex,
1112 3274 1174 3373 qui
1202 3301 1239 3348 n.

201 3465 204 3471 .
262 3396 535 3469 CCCLXXXI.
564 3393 762 3483 exhibetur,
792 3395 925 3492 fuitque
954 3393 1170 3484 Beffarionis,
1207 3419 1239 3468 a.

267 3539 371 3612 1453·
397 3516 544 3588 demum
560 3514 723 3592 Bononiae
741 3511 887 3610 scriptus
903 3513 971 3604 est,
996 3539 1060 3588 nec
1085 3513 1240 3588 Vidorio

260 3633 421 3732 antiquus
438 3633 552 3706 didus
577 3630 700 3706 fuisset.
749 3633 913 3706 Ceterum
934 3635 1002 3706 hoc
1029 3631 1161 3706 fortasse
1176 3657 1238 3705 ex*-

262 3755 384 3851 emplo
412 3753 569 3828 firmetur
593 3749 700 3842 fama,
723 3777 802 3848 quae
829 3751 876 3822 de
899 3750 1088 3826 Codicibus
1109 3749 1239 3828 Biblio-

243 3871 374 3946 'thecae
401 3873 558 3962 Venetae,
587 3869 623 3950 in
640 3869 760 3967 primis
776 3894 822 3942 ex
849 3868 906 3960 iis,
936 3870 1096 3961 traditur,
1130 3868 1192 3966 qui
1220 3896 1241 3943 a

260 3989 458 4076 Beffarione
490 4015 623 4070 nomen
653 3990 817 4080 habuere,
860 3986 1059 4071 subductis:
1093 3988 1139 4066 de
1168 4015 1239 4087 qua
