3259 5284
1153 642 1255 717 xxvii

272 829 431 902 enatat,
458 808 642 907 Philippus
665 811 904 900 Cnvtttnrtr,
937 805 1106 908 Virgilius
1134 812 1254 886 Mna·

271 952 409 1019 uazzt,
451 935 485 1006 δι
515 931 676 1028 Raphael
711 955 845 1004 onaan
873 930 1027 1002 Tonas.
1078 931 1254 1006 Eamdem

273 1050 367 1146 apud
387 1051 584 1124 Germanos
600 1051 739 1124 laudem
754 1048 908 1124 aemulati
929 1047 1005 1122 sunt
1021 1051 1130 1144 Janus
1146 1053 1254 1124 Gru.

276 1191 413 1259 rarus,
454 1167 725 1267 Christophotus
761 1172 1027 1261 Forstrtattus,
1072 1169 1255 1244 Cornelius

272 1289 524 1364 Lentulusne
553 1291 708 1380 Laura,
746 1289 874 1386 aliique
902 1288 1043 1385 plurimi
1055 1317 1068 1374 3
1105 1293 1139 1363 δι
1167 1288 1254 1364 forte
1300 1295 1303 1302 '

271 1406 314 1481 iis
339 1407 512 1499 meliores,
538 1407 622 1506 quia
647 1408 835 1498 breviores,
868 1407 1049 1483 Abraham
1070 1410 1256 1484 Goanttz

275 1529 483 1602 &Marcus
522 1533 557 1600 A
586 1530 868 1601 Racnatuoau.
916 1527 1002 1599 Non
1028 1525 1142 1600 solima
1167 1527 1256 1600 inter

274 1644 467 1744 Hispanos,
494 1645 552 1719 sed
579 1645 683 1720 etiam
706 1647 791 1720 inter
818 1645 923 1719 Italos
951 1667 1083 1718 nomen
1105 1644 1256 1722 obtinuit

274 1767 455 1840 Baithazar
472 1770 646 1840 neruos.
696 1765 766 1838 His
794 1763 949 1838 maxime
973 1763 1136 1861 operibus
1160 1767 1256 1861 apud

277 1885 398 1958 Gallos
423 1883 575 1957 innotuit
592 1885 737 1958 Amelot
761 1908 810 1957 oa
838 1909 885 1956 ta
910 1885 1121 1957 Hoossnrtr.
1170 1886 1254 1958 Ma·

270 2002 385 2102 jurem
402 2003 438 2076 in
454 2002 628 2077 Britannia
644 2003 877 2078 celebritatem
894 2001 1073 2076 adsecutus
1090 2002 1141 2078 est
1155 2004 1256 2078 Tho-

277 2149 351 2197 mas
373 2124 554 2197 Gomon.
604 2127 667 2214 At,
689 2125 787 2221 quod
798 2120 875 2220 jam
897 2121 996 2221 supra
1012 2123 1149 2216 monui,
1175 2125 1255 2221 plus

276 2242 364 2316 mihi
380 2240 515 2316 videtur
526 2241 563 2315 in
586 2241 639 2315 his
656 2241 804 2340 politicis
821 2242 1127 2318 exercitationibus
1142 2243 1255 2316 osten·

276 2361 426 2452 tationis,
452 2362 561 2459 quim
577 2360 755 2438 utilitatis:
787 2357 895 2461 iisque
911 2360 1182 2460 praceptoribus
1203 2388 1257 2438 re·

276 2483 431 2556 tardatur
456 2479 583 2579 magis,
605 2481 713 2578 quim
734 2480 896 2556 incitatur
918 2479 1066 2555 animus.
1114 2483 1257 2558 Brevius

278 2599 470 2698 certiusque
487 2601 551 2674 iter
567 2598 847 2696 ingrediendum.
897 2598 1060 2697 Quisquis
1077 2601 1256 2698 politicam

277 2719 496 2820 prudentiam
512 2716 686 2792 addiscere
701 2718 845 2816 cogitat,
861 2719 897 2790 T
899 2717 1028 2792 acitum
1044 2720 1149 2816 legat.
1181 2721 1256 2818 Qsi

280 2859 435 2916 mentem
460 2841 501 2911 etl
529 2837 697 2911 imbutam
721 2837 893 2934 percupit‚
922 2835 1089 2911 Tacitum
1112 2839 1256 2937 relegat.

277 2961 362 3035 Hac
382 2957 438 3032 via
454 2956 523 3030 iere
547 2953 719 3052 sapientiae
738 2979 910 3053 proceres,
939 2980 1029 3052 quos
1051 2955 1146 3052 prior
1175 2978 1258 3032 aetas

279 3078 399 3152 mirata
413 3075 473 3150 est.
523 3077 605 3148 Hac
623 3094 783 3173 pergant,
809 3098 896 3172 quos
914 3073 1024 3173 gloria
1045 3078 1079 3147 δι
1101 3071 1258 3152 utilitatis

279 3195 427 3295 publicae
444 3194 597 3268 studium
613 3193 784 3268 accendit.

314 3359 444 3442 Excerpt.
467 3383 502 3423 ex
515 3362 623 3426 Prael'ar.
638 3365 677 3427 G.
693 3364 799 3428 Brotier
812 3367 849 3426 ad
866 3365 945 3430 Edit.
961 3363 1037 3426 luam
1056 3365 1093 3428 C.
1110 3365 1146 3427 C.
1158 3365 1254 3432 Taciti

282 3463 357 3524 Ara
375 3463 609 3545 1776vutgatam.
627 3555 630 3562 .
