3259 5284
370 554 443 643 284
637 542 679 622 C.
704 550 949 625 Conuatrr
979 548 1158 627 Tacrrr

366 725 404 798 in
427 744 565 821 tempus
581 722 811 823 deligebatur,
835 727 897 825 qui
915 725 976 823 jus
1004 728 1175 815 redderet,
1199 748 1241 797 ac
1269 722 1349 799 sub·

365 842 421 915 itis
446 844 664 918 mederetur:
703 844 889 944 feruntque
914 848 961 919 ab
989 846 1148 920 Romulo
1177 846 1349 917 Dentrem

366 960 593 1053 Romulium,
622 962 698 1061 post
712 966 758 1038 ab
774 966 885 1037 Tullo
902 964 1056 1038 Hostilio
1066 965 1227 1037 Numam
1247 964 1348 1035 Mar-

367 1080 476 1171 cium,
507 1084 542 1153 lla
566 1082 611 1154 ab
636 1082 831 1179 Tarquinio
852 1084 1009 1180 Superbo
1025 1082 1191 1179 Spurium
1214 1083 1348 1155 Lucre·

366 1198 458 1274 tium
489 1198 692 1296 impofitos:
725 1202 807 1275 dein
832 1201 987 1275 consules
1012 1201 1249 1274 mandabant:
1282 1200 1347 1273 du·
1414 1216 1421 1225 ·

366 1338 489 1416 ratque
521 1321 756 1411 simulacrum,
799 1321 959 1418 quotiens
991 1323 1040 1395 ob
1072 1320 1172 1395 serias
1204 1318 1348 1391 Latinas

367 1436 570 1535 preficitur,
611 1438 671 1538 qui
697 1439 873 1513 consulare
900 1466 1029 1513 munus
1062 1438 1211 1536 usurpet.
1278 1438 1347 1511 Ce-

366 1559 482 1630 terirm
514 1559 695 1655 Augustus
727 1559 826 1633 bellis
852 1558 1011 1634 civilibus
1032 1558 1189 1631 Cilnium
1214 1560 1347 1630 Mace-

367 1697 500 1767 natem,
533 1676 695 1773 equestris
727 1678 871 1769 ordinis,
905 1678 1036 1751 cunstis
1070 1678 1165 1774 apud
1191 1680 1347 1751 Romam

367 1817 474 1894 atque
491 1796 626 1869 Italiam
643 1795 838 1895 praeposuit.
887 1800 983 1870 Mox
999 1822 1113 1870 rerum
1127 1795 1270 1892 potitus,
1299 1797 1346 1868 ob

367 1915 648 2014 magnitudinem
678 1916 813 2013 populi,
845 1940 886 1989 ac
917 1916 1016 1989 tarda
1049 1917 1170 2013 legum
1202 1914 1343 2003 auxilia,

365 2032 507 2133 sumpsit
529 2061 548 2108 e
571 2033 821 2124 consularibus,
849 2034 911 2131 qui
938 2040 1114 2108 coerceret
1139 2032 1286 2123 servitia,
1311 2036 1346 2105 ὃς

367 2156 466 2253 quod
487 2154 619 2228 civium
642 2142 785 2227 audacia
805 2153 1001 2243 turbidum,
1024 2154 1084 2225 nist
1103 2152 1178 2225 vim
1194 2171 1343 2225 metuat:

366 2271 566 2373 primusque
593 2274 740 2347 Messala
763 2272 936 2345 Corvinus
962 2297 1040 2345 eam
1064 2271 1283 2367 potestatem,
1310 2272 1345 2341 &

350 2378 495 2491 ¹paucos
528 2390 725 2465 inradies
758 2393 867 2463 finem
900 2390 1046 2488 accepit,
1088 2395 1182 2487 quast
1213 2390 1346 2465 nescius

364 2512 558 2588 exercendi.
618 2513 716 2584 Tum
755 2512 892 2585 Taurus
926 2509 1091 2601 Statilius,
1132 2535 1346 2609 quamquam

367 2634 533 2732 proved&
568 2650 678 2720 aetate,
719 2630 856 2729 egregi&
890 2630 1059 2704 toleravit.
1124 2630 1219 2704 Dein
1252 2630 1342 2719 Piso,

365 2750 494 2851 viginti
523 2774 586 2847 per
608 2774 716 2823 annos
749 2749 876 2846 pariter
894 2752 1081 2846 probatus,
1116 2749 1260 2848 publico
1287 2747 1343 2823 su·

365 2882 460 2961 nere,
485 2896 530 2943 ex
547 2870 686 2944 decreto
708 2868 858 2959 senatis,
883 2870 1074 2943 celebratus
1091 2868 1151 2941 est

414 2989 498 3064 XII.
525 2992 729 3063 Ranarunt
759 2988 841 3061 inde
863 2989 908 3061 ad
934 3008 1046 3085 patres
1068 3014 1090 3062 a
1114 2985 1343 3085 Qrintiliano,

365 3110 505 3184 tribuno
523 3106 651 3206 plebei,
682 3114 710 3149 “
728 3107 773 3179 de
795 3106 887 3180 libro
907 3106 1086 3203 Sibyllae,’'
1116 3131 1223 3203 quem
1239 3107 1343 3181 Cani-

365 3230 443 3303 nius
469 3228 603 3316 Gallus,
636 3224 905 3323 quindecimvir,
930 3225 1079 3322 “recipi
1106 3225 1195 3299 inter
1215 3246 1344 3299 ceteros

367 3346 563 3446 “ejusdem
597 3345 698 3434 vatis,
730 3350 763 3419 δι
794 3349 834 3418 eal
860 3346 906 3418 de
932 3370 970 3417 re
995 3342 1347 3418 senatusconsultum''

366 3466 599 3564 postulaverat
613 3472 636 3534 ε’
665 3490 737 3561 quo
765 3488 827 3562 per
854 3463 1085 3538 dilcessionem
1112 3461 1219 3555 fatto,
1252 3464 1343 3537 milit

364 3586 477 3659 literas
508 3582 619 3657 Caesar
645 3584 783 3657 modice
806 3584 988 3657 tribunum
1012 3582 1207 3680 increpans,
1244 3592 1271 3627 “
1289 3585 1344 3682 ig-

367 3712 397 3751 “
413 3728 538 3777 narum
575 3702 709 3800 antiqui
747 3703 852 3778 moris
887 3704 936 3776 ob
968 3700 1198 3799 juventam:”
1238 3706 1345 3777 Gallo

366 3824 613 3923 exprobrabat,
646 3828 674 3863 “
692 3823 787 3920 quod
817 3821 965 3897 scientia
995 3823 1347 3920 caerimoniarumque

368 3955 395 3993 ‘⁴
414 3963 527 4034 uetus,
551 3941 684 4017 incerto
699 3944 851 4034 auetore,
876 3962 955 4017 ante
970 3942 1173 4017 sententiam
1189 3942 1342 4042 collegii,
