3259 5284
505 630 814 701 Arruntium
849 626 1033 699 Lrn.II.
1204 654 1251 725 99

276 800 409 873 “Non
427 798 522 873 enim
546 825 665 898 preces
684 798 760 873 sunt
781 799 878 889 istuc,
900 797 958 871 sed
980 797 1178 895 efflagitatio
1197 799 1250 871 in·

278 926 307 965 ‘⁴
323 918 532 1017 tempestiva
553 918 697 1016 quidem
720 923 754 991 tc
776 915 979 1015 improvisa,
1006 916 1088 990 cltm
1109 916 1182 989 aliis
1205 918 1251 991 de

277 1045 305 1081 “
321 1042 423 1113 rebus
438 1037 666 1113 convenerint
679 1058 804 1134 patres,
819 1034 1041 1133 consurgere,
1057 1040 1090 1109 ὅτ
1105 1061 1251 1111 numero

277 1164 427 1256 “atque
447 1177 547 1231 aetate
569 1156 721 1230 libertlm
742 1155 883 1229 suorum
906 1180 1029 1253 urgere
1045 1155 1250 1231 modestiam

276 1284 304 1322 “
321 1276 468 1367 senatus,
498 1277 659 1349 eamdem
687 1275 762 1349 vim
790 1275 913 1377 inme
941 1273 1180 1363 transmittere,
1210 1299 1251 1349 ac

277 1398 419 1469 “velut
441 1394 651 1493 perfringere
671 1394 855 1469 ararium:
889 1395 986 1490 quod
1012 1398 1034 1467 fi
1058 1391 1250 1468 ambitione

275 1522 304 1559 “
320 1513 589 1603 exhauserimus,
605 1540 667 1609 per
682 1511 807 1587 scelera
822 1512 1054 1609 supplendum
1072 1513 1146 1585 erit.
1175 1514 1248 1585 De·

275 1640 302 1676 “
320 1634 372 1707 dit
386 1633 467 1723 tibi,
484 1634 649 1722 Hortale,
663 1633 767 1706 divus
783 1634 963 1729 Augustus
979 1631 1176 1729 pecuniam,
1190 1630 1249 1705 sed

275 1759 304 1795 “
322 1778 393 1827 non
422 1751 662 1848 compellatus,
692 1776 757 1826 nec
784 1754 824 1825 ed
852 1752 930 1849 lege
958 1772 996 1825 ut
1024 1750 1157 1846 semper
1185 1752 1247 1823 da-

273 1878 303 1915 “
318 1891 434 1945 retur:
468 1868 664 1968 languescet
685 1870 815 1968 alioqui
844 1869 1021 1960 industria,
1051 1870 1248 1943 intendetur

273 1998 302 2033 “
317 1988 487 2082 socordia,
512 1992 535 2063 fi
551 1992 668 2064 nullus
684 2015 728 2062 ex
745 1988 778 2061 se
793 2010 921 2079 metus,
945 2008 1003 2063 aut
1018 1989 1116 2085 spes3
1145 1994 1178 2063 δι
1196 1986 1246 2060 se-

273 2117 303 2153 “
321 2110 393 2185 curi
420 2134 542 2184 omnes
574 2108 685 2183 aliena
712 2106 860 2181 subfidia
885 2106 1148 2205 exspectabunt,
1185 2108 1247 2181 srbi

273 2235 301 2271 “
319 2229 453 2328 ignavi,
471 2229 572 2303 nobis
589 2226 749 2326 graves.''
781 2231 874 2303 Hac
891 2247 995 2325 atque
1011 2227 1103 2318 talia,
1123 2226 1246 2325 quamss

272 2374 380 2446 quam
404 2374 486 2421 cum
509 2346 651 2421 adsensu
672 2345 790 2421 audita
812 2348 859 2420 ab
881 2347 947 2436 his,
979 2347 1105 2445 quibus
1129 2346 1248 2423 omnia

271 2466 470 2564 principum
497 2466 640 2541 honesta
668 2486 774 2563 atque
801 2465 982 2539 inhonesta
1008 2467 1247 2541 laudaremus

269 2586 334 2675 est,
364 2586 479 2683 plures
507 2610 569 2682 per
595 2585 767 2658 silentium
793 2604 853 2659 aut
879 2588 1058 2659 occultum
1086 2610 1247 2659 murmur

269 2707 461 2801 excepere:
494 2701 663 2801 sensitque
690 2704 855 2778 Tiberius
867 2732 878 2789 3
914 2708 947 2777 tr
977 2704 1061 2777 cltm
1090 2705 1246 2799 paullum

269 2822 472 2897 reticuisset:
502 2829 530 2867 “
548 2825 701 2898 Hortalo
718 2821 751 2895 se
766 2821 997 2919 respondisse''
1020 2821 1081 2910 ait,
1109 2827 1136 2864 “
1154 2840 1245 2893 cete·

270 2948 299 2986 “
315 2943 395 3015 rum
417 2944 440 3014 fi
462 2942 615 3040 patribus
638 2943 825 3030 videretur,
849 2941 1012 3013 daturum
1035 2939 1150 3011 liberis
1171 2937 1245 3035 ejus

271 3067 299 3103 “
315 3062 452 3135 ducena
462 3059 605 3135 sestertia
618 3060 770 3158 fingulis,
783 3059 845 3157 qui
861 3058 961 3132 sexus
979 3057 1086 3131 virilis
1102 3059 1245 3135 effent.''

270 3180 386 3277 Egdre
401 3180 458 3253 alii
474 3201 611 3276 grates3
635 3179 723 3254 filuit
738 3180 923 3267 Hortalus,
946 3202 1086 3274 pavore,
1109 3202 1153 3249 an
1170 3176 1244 3251 avi·

267 3318 312 3372 tae
340 3298 528 3371 nobilitatis
553 3298 658 3372 etiam
686 3298 776 3371 inter
796 3297 972 3395 angustias
995 3294 1140 3371 sonunae
1163 3298 1244 3370 reti·

269 3444 373 3491 nens:
391 3443 506 3516 neque
522 3416 697 3491 miseratus
709 3418 757 3491 est
768 3417 911 3514 posthac
927 3415 1105 3507 Tiberius,
1119 3442 1244 3515 quam-

269 3536 323 3611 vis
339 3536 466 3611 domus
482 3536 664 3611 Hortensi
685 3538 887 3635 pudendam
909 3536 955 3609 ad
977 3535 1132 3632 inopiam
1149 3536 1245 3609 dela·

269 3658 419 3731 beretur.

314 3778 492 3851 XXXIX.
519 3780 665 3851 Eonnu
689 3802 795 3866 anno,
823 3773 988 3872 mancipii
1009 3774 1109 3849 unius
1137 3776 1243 3851 auda·

266 3881 333 3987 cia,
358 3895 395 3969 ni
416 3897 551 3969 matur&
572 3897 782 3971 subventum
801 3894 906 3985 foret,
931 3893 1106 3971 discordiis
1127 3893 1244 3969 armis·

268 4040 339 4112 que
365 4014 526 4091 civilibus
553 4016 806 4117 rempublicam
836 4016 1039 4114 perculisset.
1087 4014 1244 4089 Postumi

729 4137 772 4211 H
794 4160 815 4207 2
