3259 5284
374 638 487 692 xxvrn

427 785 615 890 Excerpta
628 777 682 860 ad
687 777 871 861 Editiones
881 775 1048 890 quasdam
1063 781 1110 860 C.
1124 771 1251 858 Taciti
1252 793 1346 886 per-

372 911 539 1007 tinentia,
555 939 638 1022 quae
654 940 679 991 a
692 909 859 992 Broterio
876 913 942 994 vel
945 909 1092 1022 penitus
1096 913 1193 1019 stent
1205 907 1345 1016 amssa,

371 1045 438 1126 vel
435 1045 562 1152 fustus
588 1045 763 1125 traslatae
786 1042 834 1122 ab
856 1043 909 1151 J.
925 1047 980 1123 A.
1005 1039 1149 1147 Ernssi
1161 1039 1201 1120 in
1219 1040 1345 1146 Praes.

359 1179 437 1287 sua
453 1173 506 1254 ad
519 1173 624 1254 Edit.
645 1175 797 1255 alteram
815 1176 919 1253 Ann.
946 1199 1047 1282 1772
1067 1171 1271 1278 vulgatam.

421 1321 504 1395 Vid.
517 1322 604 1420 Pag.
621 1348 674 1419 pr.
690 1345 743 1420 17.
760 1321 821 1394 lin.
837 1347 870 1416 3.
920 1321 1033 1394 *Post
1049 1322 1139 1395 hanc
1155 1318 1350 1418 principem

370 1439 560 1515 editionem
578 1441 780 1514 Maettarius
795 1443 843 1514 T.
860 1444 904 1513 V.
922 1443 962 1513 P.
975 1442 1021 1514 II.
1039 1465 1075 1538 p.
1092 1465 1175 1537 293.
1193 1462 1349 1512 comme·

372 1582 485 1636 morat
501 1562 557 1634 ed.
574 1562 663 1633 Ven.
685 1565 794 1653 1484.
807 1565 842 1635 δι
859 1563 969 1634 Rom.
986 1584 1089 1657 1495.
1106 1557 1164 1633 sed
1181 1561 1250 1633 fine
1264 1581 1348 1634 auc-

370 1699 447 1756 tore
469 1705 509 1754 ac
533 1677 641 1756 teste:
672 1681 765 1753 unde
790 1677 862 1778 ejus
889 1679 1065 1754 traditioni
1083 1705 1206 1777 parum
1222 1678 1350 1753 tribuo.

372 1801 454 1898 Ego
471 1798 616 1896 quidem
633 1797 789 1896 nuspiam
806 1798 880 1872 vidi
896 1823 1017 1874 earum
1040 1797 1233 1872 editionum
1250 1822 1348 1870 men·

371 1918 505 1993 tionem
527 1944 605 1993 eam
630 1915 718 2009 fieri,
744 1917 800 1992 cui
817 1918 903 1992 fides
920 1917 1038 1992 haberi
1055 1919 1175 2016 posset.
1215 1917 1351 2012 Lipfius

371 2063 478 2142 porro
494 2037 530 2110 in
548 2037 746 2134 praefatione
770 2036 932 2110 editionis
957 2037 1094 2134 primae,
1122 2059 1224 2134 1574.
1252 2034 1300 2109 ait
1316 2033 1350 2108 se

372 2155 471 2231 usum
487 2154 647 2228 editionis
660 2158 800 2229 Venetae
827 2182 859 2229 a.
878 2179 1153 2230 ctsccccxcnrr.
1175 2153 1273 2228 sade
1289 2180 1351 2229 ex-

372 2278 503 2374 emplo.
553 2276 595 2347 ln
613 2301 684 2372 quo
703 2278 726 2349 fi
751 2275 838 2347 nihil
855 2272 931 2348 vitii
948 2277 1054 2349 habet
1076 2301 1239 2349 numerus
1253 2275 1349 2365 anni,

372 2419 439 2468 nec
466 2417 772 2467 croccccxcnrt.
800 2393 851 2468 est
868 2419 932 2491 pro
949 2418 1242 2467 croccccxcvu.
1272 2387 1351 2469 earn

370 2513 561 2590 editionem
576 2511 705 2586 nemini
720 2533 842 2611 praeter
865 2512 967 2586 illum
984 2513 1091 2586 visam
1108 2533 1260 2611 oportet,
1289 2515 1350 2612 qui

373 2632 491 2707 Taciti
513 2631 680 2705 editiones
706 2657 1039 2707 commemoravere.
1089 2635 1209 2732 Itaque
1233 2633 1351 2708 licebit

373 2753 460 2828 mihi
487 2752 532 2826 de
570 2751 623 2826 his
654 2749 864 2825 editionibus
890 2751 1062 2842 dubitare,
1096 2753 1185 2826 dum
1217 2752 1350 2828 idoneis

374 2871 462 2952 mihi
490 2868 711 2950 documentis
735 2870 991 2968 persuadeatur,
1021 2870 1090 2946 istis
1115 2872 1215 2965 locis,
1243 2873 1351 2972 iisque

373 2991 486 3084 annis,
511 2990 627 3068 Taciti
644 2989 750 3065 libros
765 2989 879 3066 editos
894 2988 971 3064 esse.

963 3109 1097 3184 Ernesti
1120 3138 1201 3212 pag.
1220 3139 1278 3189 22.

422 3269 462 3340 P.
484 3267 538 3338 18.
567 3259 590 3334 l.
619 3266 674 3363 18,
725 3269 747 3314 *⁸
776 3265 905 3341 Extare
943 3263 1049 3338 etiam
1082 3262 1233 3341 sciebam
1266 3268 1359 3342 alius-

372 3387 515 3456 Venetae
534 3379 706 3454 Editionis
731 3384 894 3480 exempla
920 3409 951 3456 a.
974 3407 1077 3480 1512.
1105 3407 1231 3465 curatae
1256 3391 1354 3484 aJo.

374 3502 506 3590 Rivio;
533 3525 684 3598 quorum
710 3519 828 3575 tamen
845 3504 981 3576 nullum
999 3504 1086 3578 mihi
1102 3527 1182 3580 ante
1200 3507 1351 3603 primam

374 3621 528 3696 nostram
546 3619 751 3710 editionem,
776 3619 970 3720 contigerat
984 3623 1112 3699 videre.
1153 3627 1233 3699 Nec
1249 3651 1351 3725 mag-

374 3766 506 3838 nopere
535 3739 772 3841 defideraratn.
823 3740 966 3814 Etenim
995 3744 1168 3839 Ryckius‚
1192 3745 1252 3844 qui
1280 3745 1352 3845 ejus

375 3861 579 3956 exemplum
608 3858 745 3950 habuit,
770 3858 836 3931 vix
863 3860 929 3951 bis,
953 3861 991 3934 ni
1019 3862 1134 3956 fallor,
1157 3884 1217 3938 aut
1241 3886 1294 3939 ter
1314 3867 1351 3939 in

374 3977 463 4060 notis
487 3975 702 4054 mentionem
718 3976 789 4082 ejus
811 3978 909 4072 secit,
932 4005 998 4058 nec
1021 3982 1212 4086 quicquam
1239 4008 1285 4060 ex
1310 4011 1354 4064 ea
