3259 5284
457 593 769 662 Auunarnu
802 587 917 659 Lrn.
950 587 978 658 Ι.
1194 611 1241 685 45

267 762 408 840 saevitiae
449 763 487 836 in
524 761 769 860 Sempronium
795 763 988 850 Graccum,
1019 759 1080 858 qui
1113 758 1260 836 familia

267 883 396 974 nobili,
413 881 515 956 solers
531 882 689 982 ingenio,
709 881 861 979 &prave
879 879 1063 972 facundus,
1081 884 1244 956 eamdem

268 1005 406 1101 Juliam
423 1003 459 1076 in
476 1001 701 1077 matrimonio
714 1004 775 1074 M.
793 1002 963 1100 Agrippae
992 1022 1242 1076 temeraverat:
1352 1075 1355 1080 .

268 1153 335 1201 nec
362 1125 390 1200 is
416 1124 555 1198 libidini
572 1125 651 1198 finis
663 1154 675 1211 ;
704 1122 867 1196 traditam
889 1121 1048 1212 Tiberio,
1078 1123 1244 1220 pervicax

268 1249 407 1320 adulter
425 1245 648 1318 contumacia
672 1249 706 1317 &
735 1242 823 1317 odiis
840 1243 876 1316 in
894 1242 1059 1317 maritum
1075 1246 1244 1318 accende-

269 1369 352 1453 bat:
393 1366 584 1462 literaeque,
613 1389 700 1462 quas
728 1363 823 1460 Julia
856 1363 942 1461 patri
967 1361 1130 1460 Augusto
1159 1389 1244 1440 cum

270 1485 492 1560 infestatione
507 1484 643 1558 Tiberii
675 1482 815 1582 scripsit,
844 1509 865 1556 a
893 1485 1030 1556 Gracco
1046 1486 1245 1578 composrtae

268 1609 510 1682 credebantur.
575 1605 688 1704 Igitur
720 1625 857 1678 amotus
893 1604 1092 1691 Cercinam,
1129 1601 1244 1677 Africi

269 1727 373 1801 :naris
389 1725 551 1817 insulam,
586 1725 857 1822 quatuordecim
875 1724 972 1798 annis
1005 1722 1165 1797 exfilium
1189 1745 1243 1797 to·

269 1847 402 1920 leravit.
451 1848 558 1919 Tunc
571 1844 697 1918 milites
721 1846 767 1916 ad
794 1847 929 1919 caedem
945 1844 1047 1934 miffi,
1082 1843 1245 1920 invenere

269 1966 307 2040 in
335 1965 549 2063 prominenti
581 1963 690 2037 litoris
718 1963 806 2036 nihil
834 1966 954 2037 latum
977 1963 1241 2062 opperientem:

269 2111 422 2183 quorum
445 2086 599 2158 adventu
638 2086 784 2158 “breve
806 2087 970 2190 tempus''
994 2083 1132 2183 petivit,
1167 2093 1245 2160 “ut

270 2203 484 2303 “suprema
523 2206 690 2278 mandata
716 2204 820 2277 uxori
859 2204 1012 2278 Alliariae
1037 2230 1099 2303 per
1131 2206 1245 2280 literas

269 2331 298 2369 ‘⁴
322 2328 420 2399 daret
436 2327 472 2397 :”
516 2323 760 2423 cervicemque
802 2325 1055 2423 percussoribus
1099 2326 1242 2418 obtulit,

269 2445 459 2520 constantia
491 2443 611 2518 mortis
627 2445 724 2517 haud
740 2443 906 2543 indignus
940 2446 1146 2543 Sempronio
1178 2473 1243 2520 no·

268 2565 387 2651 mine:
412 2564 485 2637 vita
512 2565 792 2662 degeneraverat.
842 2563 1000 2662 Qridam
1033 2592 1104 2638 non
1126 2569 1245 2640 Roma

268 2712 328 2760 eos
344 2684 484 2773 milites,
501 2682 561 2756 sed
576 2685 622 2756 ab
638 2685 684 2756 L.
698 2681 903 2781 Asprenate,
922 2683 1127 2780 proconsule
1149 2685 1244 2758 Afri-

269 2831 335 2896 cae,
354 2805 471 2877 missos
488 2803 675 2892 tradidere,
700 2804 842 2875 auctore
857 2802 1017 2892 Tiberio,
1036 2803 1098 2900 qui
1114 2803 1243 2877 famam

196 2934 199 2938 ’
269 2922 374 2997 caedis
399 2924 494 3021 poffe
521 2922 557 2994 in
582 2921 810 3020 Asprenatem
846 2922 949 3012 verti,
984 2920 1105 2996 frustra
1132 2921 1243 3020 spera·

269 3064 376 3118 verat.

225 3211 230 3218 ·
316 3165 413 3236 [JV.
447 3164 552 3236 Inruu
579 3187 690 3236 annus
718 3189 827 3236 novas
853 3162 1066 3236 caerimonias
1092 3162 1242 3261 accepit,

268 3283 389 3356 addito
427 3282 600 3356 sodalium
645 3283 896 3381 Augustalium
934 3282 1153 3370 sacerdotio:
1203 3304 1243 3357 ut

269 3404 451 3500 quondam
467 3404 514 3475 T.
531 3401 655 3476 Tatius
683 3402 870 3478 retinendis
891 3403 1098 3477 Sabinorum
1127 3401 1242 3496 sacris,
1320 3427 1323 3432 ’

266 3520 397 3596 sodales
419 3522 543 3596 Tatios
560 3521 774 3596 instituerat:
802 3521 890 3597 sorte
917 3523 1015 3598 ducti
1038 3550 1059 3598 e
1082 3524 1243 3621 primori-

266 3644 333 3716 bus
350 3642 499 3716 civitatis
525 3668 616 3715 unus
645 3647 679 3716 ὅτ
706 3642 846 3742 viginti.
895 3642 1073 3735 Tiberius,
1096 3643 1243 3719 Drusus·

268 3785 352 3858 que,
395 3769 429 3835 δι
458 3763 642 3853 Claudius,
681 3765 716 3834 δι
754 3763 986 3838 Germanicus
1022 3762 1241 3863 adjiciuntur.

267 3883 392 3955 Ludos
408 3881 631 3980 Augustales,
656 3901 742 3956 tunc
769 3881 923 3979 primum
951 3905 1076 3982 coepta.
1091 3882 1244 3957 turbavit

265 3998 449 4092 discordia,
467 4027 512 4076 ex
529 4000 718 4075 certamine
739 4000 956 4079 histrionum.
1005 4005 1195 4080 Indulserat
1210 4003 1243 4078 ei
