3259 5284
385 544 453 636 2‘52
615 539 1181 613 CCourrartrTacrrt

383 729 458 782 turn
476 708 636 783 Tiberius
665 711 854 787 duodecim
888 712 1047 787 villatum
1080 709 1293 799 nominibus,
1315 715 1350 784 δι

383 828 534 902 molibus
552 828 716 903 insederat
731 861 742 917 ς
775 832 905 930 quanto
928 832 1079 905 intentus
1094 831 1180 904 olim
1196 830 1352 927 publicas

383 949 427 1019 ad
446 972 556 1036 curas,
588 949 684 1023 tanti>
701 953 857 1025 occultos
884 957 920 1023 in
950 952 1066 1039 luxus,
1087 955 1119 1024 δι
1137 952 1271 1023 malum
1286 948 1351 1021 oti-

384 1093 445 1139 um
474 1066 647 1141 resolutus.
697 1073 869 1143 Manebat
897 1069 1030 1168 quippe
1056 1066 1287 1167 suspicionum
1316 1074 1350 1141 δι

383 1186 547 1259 credendi
576 1187 760 1277 temeritas,
790 1216 896 1286 quam
924 1187 1062 1285 Sejanus
1090 1214 1216 1287 augere
1248 1187 1353 1261 etiarn

385 1304 421 1377 in
438 1307 536 1379 Urbe
553 1304 679 1396 suetus,
711 1308 822 1381 atritis
838 1310 1012 1398 turbabat,
1038 1334 1110 1380 non
1119 1305 1194 1405 jam
1209 1306 1353 1379 occultis

384 1424 570 1498 adversum
587 1426 819 1523 Agrippinam
836 1430 870 1499 δι
886 1428 1066 1499 Neronem
1084 1425 1221 1499 insidiis.
1263 1426 1353 1522 Qtis

385 1544 521 1617 additus
539 1543 649 1632 miles,
676 1544 831 1634 nuntios,
856 1544 1026 1633 introitus,
1052 1568 1184 1642 aperta,
1214 1543 1351 1633 secreta,

384 1666 481 1737 velut
510 1663 544 1736 in
567 1648 704 1736 annales
720 1662 910 1743 referebat:
945 1665 1105 1761 ultroque
1121 1664 1351 1751 struebantur,

385 1782 445 1881 qui
475 1802 653 1855 monerent
681 1790 707 1825 “
731 1782 911 1879 perfugere
934 1784 979 1855 ad
1005 1782 1201 1855 Germaniae
1222 1781 1353 1855 exerci-

386 1910 413 1945 “
434 1922 501 1992 tus,
525 1904 580 1975 vel
598 1900 822 1974 celeberrimo
847 1899 911 1973 sori
928 1902 1082 1999 effigiem
1105 1901 1179 1974 divi
1202 1900 1354 1999 Augusti

386 2030 413 2065 “
432 2021 609 2117 ampledi‚
639 2021 878 2118 populumque
899 2046 939 2092 ac
968 2018 1122 2094 senatum
1138 2019 1268 2093 auxilio
1290 2046 1353 2091 vo-

386 2150 413 2185 “
433 2141 545 2215 care.''
595 2143 717 2236 anue
743 2137 853 2235 spreta
881 2141 926 2211 ab
953 2137 1032 2230 illis,
1061 2140 1157 2212 velut
1181 2157 1353 2237 pararent,

385 2258 644 2358 objiciebantur.

434 2380 601 2453 LXVIII.
638 2380 761 2471 Jonro
779 2375 895 2451 Silano
911 2377 1045 2451 &Silio
1064 2378 1183 2451 Nerva
1205 2376 1354 2449 consuli-

385 2500 465 2587 bus,
476 2496 612 2571 soedum
629 2497 711 2571 anni
725 2496 934 2593 principium
953 2498 1094 2585 incessit,
1107 2497 1218 2569 trado
1227 2495 1263 2567 in
1278 2522 1353 2569 car-

386 2642 501 2691 cerem
523 2616 655 2689 inlustri
677 2616 792 2713 equite
819 2620 998 2705 Romanu,
1026 2614 1124 2687 Titio
1139 2614 1282 2704 Sabino,
1306 2618 1355 2689 ob

385 2736 573 2811 amicitiam
606 2734 828 2809 Germanici:
859 2734 1083 2832 nequeenim
1099 2732 1256 2807 omiserat
1269 2758 1355 2807 con·

380 2856 518 2957 jugem,
541 2854 731 2953 liberosque
759 2853 831 2953 ejus
856 2856 1040 2951 percolere,
1067 2853 1208 2926 sedator
1240 2853 1354 2942 domi,

387 3002 505 3051 comes
520 2974 557 3048 in
583 2974 737 3071 publicu,
765 2973 843 3071 post
860 2994 912 3045 tot
938 2974 1077 3046 clientes
1101 2998 1215 3058 unus:
1243 2973 1355 3069 eoque

386 3097 481 3193 apud
510 3098 620 3169 bonos
653 3096 825 3182 laudatus,
850 3098 884 3165 δι
912 3092 1025 3189 gravis
1058 3091 1196 3189 iniquis.
1246 3095 1357 3166 Hunc

386 3214 546 3291 Latinius
572 3212 732 3301 Latiaris,
761 3211 902 3285 Porcius
925 3214 1028 3301 Catu,
1063 3210 1205 3283 Petitius
1227 3211 1355 3300 Rufus,

386 3338 444 3409 M.
461 3336 599 3427 Opsius,
615 3335 761 3427 praetura
775 3328 899 3421 sundri,
916 3331 1179 3429 adgrediuntur,
1194 3329 1358 3426 cupidine

388 3451 605 3535 consolastis:
638 3450 683 3521 ad
700 3476 804 3546 quern
822 3476 894 3523 non
919 3450 980 3522 nisi
1007 3476 1067 3545 per
1094 3448 1255 3547 Sejanum
1283 3448 1357 3523 adi-

386 3593 464 3645 tus:
490 3594 603 3665 neque
629 3567 738 3667 Sejani
766 3571 939 3657 voluntas,
966 3568 1027 3641 nist
1044 3568 1167 3641 scelere
1182 3572 1357 3665 quaereba-

386 3713 452 3767 tur.
477 3691 718 3784 Composrtum
735 3688 822 3761 inter
842 3688 944 3785 ipsos,
967 3709 1006 3758 ut
1023 3688 1182 3777 Latiaris,
1204 3686 1264 3784 qui
1281 3714 1357 3760 mo-

388 3810 468 3886 dieo
494 3806 554 3881 osu
577 3809 741 3882 Sabinum
771 3808 1007 3905 contingebat,
1044 3808 1185 3880 strueret
1220 3801 1360 3897 dolum,¹

389 3927 491 4006 ceteri
521 3926 619 4001 testes
640 3928 816 4001 adessent:
840 3926 969 4000 deinde
995 3925 1245 4003 accusationem
1269 3925 1356 4001 inci-
