3259 5284
385 612 455 681 244
602 590 1169 667 C.Conuan11Tncrrt

385 769 413 804 “
431 768 463 836 δι
483 762 553 861 ipse
571 763 685 861 stirpe,
701 768 768 839 sne
784 754 854 839 ima
867 770 1094 839 Amazonum
1111 762 1355 854 condidiffet,''

384 880 618 957 transcendere
634 886 677 957 ad
697 910 750 973 ea,
775 888 854 983 quss
876 884 1028 957 maxime
1045 886 1207 967 ,fidebant
1228 884 1264 955 in
1288 909 1352 979 po·

385 1002 508 1097 pulum
527 1006 731 1075 Romanum
749 1002 884 1092 officiis,
904 1002 1002 1077 missa
1018 1003 1130 1076 navali
1148 1002 1262 1100 eopia,
1282 1027 1352 1075 non

386 1120 494 1193 modb
519 1142 659 1195 externa
682 1124 723 1195 ad
747 1124 851 1211 bella,
868 1120 925 1195 sed
950 1149 1028 1220 quae
1045 1120 1083 1195 in
1106 1122 1203 1195 ltalia
1226 1122 1351 1193 tolera-

385 1240 533 1315 bantur:
573 1240 718 1340 “seque
744 1242 875 1339 primos
904 1243 1076 1337 templum
1103 1240 1197 1313 urbis
1226 1244 1353 1313 Romae

388 1365 416 1401 “
435 1360 596 1449 statuiffe,
626 1364 682 1435 M.
710 1361 832 1433 Porcio
863 1358 1018 1445 eonsule;
1046 1357 1181 1456 magnis
1211 1358 1353 1455 quidem

387 1476 501 1575 “jam
529 1480 681 1553 Romani
705 1479 826 1577 populi
842 1482 960 1565 rebus;
986 1479 1144 1551 nondum
1169 1496 1286 1549 tamen
1312 1477 1356 1549 ad

386 1598 607 1673 “summum
636 1600 746 1689 elatis,
775 1596 882 1671 stante
908 1600 1023 1671 adhuc
1044 1597 1174 1669 Punica
1195 1599 1294 1685 urbe,
1320 1600 1353 1668 δι

389 1718 556 1791 “validis
582 1746 642 1816 per
672 1723 788 1793 Asiam
814 1719 988 1815 regibus.”
1029 1715 1139 1789 Simus
1168 1723 1196 1758 “
1208 1720 1255 1789 L.
1278 1718 1353 1789 Sus·

388 1841 417 1877 “
434 1836 504 1909 lam
520 1838 663 1911 testem”
685 1838 895 1927 adserebant,
927 1846 953 1881 “
973 1837 1171 1935 gravissimo
1187 1834 1222 1907 in
1239 1834 1353 1909 discri-

389 1961 416 1997 “
435 1956 528 2029 mine
551 1956 723 2030 exercitiis
748 1960 795 2031 ob
819 1956 1033 2053 asperitatem
1063 1954 1201 2045 hiemis,
1235 1960 1269 2026 ἃ
1296 1981 1355 2051 pe·

387 2081 415 2116 “
433 2076 568 2149 nuriam
591 2076 706 2167 vestis,
730 2078 810 2150 cum
833 2076 871 2149 id
889 2080 1072 2173 Smyrnam
1094 2074 1130 2146 in
1152 2075 1357 2149 concionem

388 2200 416 2237 “
434 2196 627 2268 nuntiarum
660 2194 760 2285 soret,
799 2222 936 2284 omnes,
973 2194 1034 2292 qui
1068 2193 1261 2282 adstabant,
1294 2196 1356 2267 de·

388 2312 567 2385 “traxisse
592 2314 729 2410 corpori
752 2316 920 2413 tegmina,
949 2313 1135 2411 nostrisque
1163 2303 1358 2411 legionibus

389 2436 416 2473 “
435 2432 592 2504 msfiffe·”
652 2434 704 2505 Ita
732 2434 841 2531 rogati
866 2433 1064 2507 sententiam
1086 2452 1213 2529 patres,
1242 2435 1357 2527 Smyr·

389 2577 482 2624 naeos
511 2552 691 2648 praetuldre
708 2581 716 2623 :
750 2552 947 2651 censuitque
964 2552 1085 2626 Vibius
1101 2552 1249 2643 Marsus,
1277 2558 1304 2593 “
1321 2571 1360 2623 ut

390 2679 418 2714 “
437 2674 492 2743 M.
511 2671 666 2767 Lepid0‚
691 2672 745 2745 cui
771 2698 810 2743 ea
829 2672 1006 2769 provincia
1033 2674 1234 2763 obvenerat,
1263 2670 1360 2768 super

391 2799 624 2863 “numerum
658 2791 843 2888 legaretur,
875 2791 934 2888 qui
962 2791 1085 2887 templi
1113 2818 1233 2865 curam
1260 2790 1359 2864 susei-

390 2918 417 2953 “
438 2930 533 3007 peret
548 2912 582 2980 :''
613 2909 747 3005 &quia
770 2909 927 3004 Lepidus
943 2908 1011 3007 ipse
1027 2911 1178 3008 deligere
1201 2936 1262 3008 per
1285 2936 1360 2983 mo-

389 3030 533 3103 destiam
571 3030 756 3119 abnuebat,
797 3028 952 3101 Valerius
983 3029 1090 3120 Nasu,
1130 3055 1151 3103 e
1181 3030 1360 3128 praetoriis,

390 3148 478 3222 sorte
497 3149 613 3220 missus
630 3148 690 3219 est.
1306 3226 1313 3239 ι

438 3270 552 3342 LVII.
579 3270 701 3340 Iurat
733 3294 825 3365 qua,
855 3269 916 3340 diu
946 3270 1123 3361 meditato,
1159 3273 1362 3368 prolatoque

389 3388 512 3485 saepius
552 3386 704 3474 consiliu,
742 3390 883 3460 tandem
912 3388 1025 3461 Caesar
1052 3389 1089 3461 iit
1116 3390 1361 3486 Campaniam,

390 3507 501 3605 speeie
518 3504 701 3579 dedicandi
718 3508 849 3603 templa
860 3509 955 3602 apud
970 3510 1128 3605 Capuam
1151 3510 1248 3603 Jovi,
1271 3511 1366 3606 apud

389 3628 523 3703 Nolam
548 3625 720 3720 August0,
747 3624 804 3697 sed
827 3648 937 3699 certus
959 3631 1082 3723 procul
1103 3630 1203 3701 Urbe
1228 3629 1365 3726 degere.

389 3744 536 3820 Causam
573 3742 753 3832 abscesssrs,
789 3770 1005 3842 quamquam
1032 3745 1165 3820 secutus
1201 3750 1367 3844 plurimos

391 3867 573 3940 austorum
590 3865 634 3935 ad
651 3861 760 3958 Sejani
782 3884 868 3936 artes
882 3866 995 3953 retusi,
1021 3866 1102 3959 quia
1124 3885 1255 3957 tamen,
1274 3868 1367 3941 caede

393 3985 464 4087 ejus
494 3986 635 4083 patrata,
662 3984 720 4056 sex
748 3982 864 4081 postea
890 4010 1000 4059 annos
1028 3986 1101 4083 pari
1131 3986 1257 4060 secreto
1284 4012 1367 4061 non-
