3259 5284
326 558 391 631 168
555 554 597 627 C.
621 556 859 631 Conustrr
884 558 1062 631 Tnerrr

322 730 468 825 mulque
489 728 614 801 consta
635 726 798 826 prospere
809 732 899 817 ada,
918 732 1009 803 cretis
1023 726 1301 826 populatoribus,

322 851 357 919 ἃ
374 847 577 922 dissensrone
598 852 673 923 ortd
697 850 794 946 apud
818 849 1026 937 obsrdentes‚
1056 846 1213 945 regisque
1237 872 1302 942 op-

322 969 473 1062 portund
499 967 694 1063 eruptione,
733 968 950 1042 &adventu
979 966 1152 1065 legionis:
1188 990 1302 1063 neque

320 1086 432 1159 aciem
449 1106 508 1159 aut
524 1088 686 1183 proeliunr
700 1088 773 1162 dici
783 1088 952 1177 decuerit,
977 1086 1014 1159 in
1031 1112 1103 1183 quo
1119 1083 1303 1159 semermes

320 1230 361 1279 ac
375 1208 527 1302 palantes
538 1206 698 1281 trucidati
710 1206 800 1297 sunt,
829 1210 897 1280 fine
910 1206 1027 1281 nostro
1039 1203 1215 1303 sanguine.

369 1328 453 1399 XL.
472 1328 617 1399 Eoosu
630 1352 723 1399 anno
734 1326 931 1401 Galliarum
944 1324 1114 1411 civitates,
1139 1327 1187 1397 ob
1199 1350 1301 1423 mag-

319 1444 516 1518 nitudinem
529 1445 604 1519 aeris
613 1446 728 1535 alieni,
748 1446 979 1519 'rebellionem
993 1448 1189 1541 coeptavdre
1203 1473 1212 1515 ι
1240 1470 1301 1517 cu·

314 1560 373 1661 jus
401 1564 636 1639 exstimulator
658 1566 844 1639 acerrimus
873 1565 961 1638 inter
988 1566 1160 1639 Treveros
1188 1563 1302 1659 Julius

320 1686 460 1774 Florus,
490 1686 586 1781 apud
613 1686 752 1759 AEduos
779 1684 893 1781 Julius
917 1684 1099 1759 Sacrovir:
1138 1683 1301 1756 nobilitas

320 1806 508 1893 ambobus,
533 1806 570 1877 &
588 1804 761 1902 majorum
775 1807 869 1877 bona
885 1804 988 1893 fasta,
1012 1804 1125 1901 eoque
1136 1806 1301 1878 Romana

320 1921 442 1997 civitas
456 1923 541 1997 olim
557 1924 653 2014 data,
676 1925 760 1997 clun
785 1925 823 1997 id
844 1950 975 2013 rarum,
1005 1950 1068 1997 nec
1093 1921 1154 1995 nisr
1178 1920 1299 1995 virtuti

319 2042 470 2139 pretium
496 2045 590 2117 effer.
639 2044 668 2117 li
696 2044 834 2118 secretis
859 2043 1067 2141 conloquiis,
1095 2040 1304 2115 ferocissimo

320 2188 465 2259 quoque
490 2162 691 2259 adsumpto,
717 2186 777 2237 aot
800 2164 927 2260 quibus
954 2166 1002 2237 ob
1026 2162 1228 2261 egestatem,
1261 2184 1305 2235 ac

321 2301 459 2355 metum
482 2308 528 2355 ex
554 2282 694 2380 flagitiis
710 2283 865 2355 maxima
888 2282 1053 2379 peccandi
1078 2282 1300 2370 necessitudo,

320 2422 555 2499 componunt,
567 2403 689 2475 Florus
701 2404 838 2501 Belgas,
849 2402 1006 2475 Sacrovir
1023 2400 1202 2500 propiores
1218 2403 1304 2473 Gal

319 2524 374 2595 los
386 2520 536 2595 concire.
586 2522 698 2619 Igitur
715 2548 776 2619 per
792 2522 1071 2595 conciliabula&
1085 2542 1197 2595 cretus
1213 2519 1301 2596 sedi·

318 2640 403 2715 tiosa
425 2640 646 2731 differebant,
674 2644 764 2714 “de
788 2642 1048 2715 continuatione
1070 2642 1298 2731 tributorum,

320 2769 349 2806 “
368 2760 540 2861 gravitate
555 2760 694 2853 fenoris,
709 2762 852 2853 ,saevitis
874 2790 914 2837 ac
938 2762 1096 2859 superbia
1117 2762 1301 2857 praesrden-

319 2889 348 2925 “
365 2883 479 2956 tium:
508 2886 542 2955 δι
559 2880 752 2955 discordare
769 2881 932 2970 militem,
960 2882 1081 2955 audito
1097 2880 1300 2954 Germanici

320 3008 349 3045 “
368 3002 502 3075 exitio:
532 3002 716 3101 egregium
740 3001 951 3075 resumendae
974 3000 1122 3073 libertati
1146 3020 1299 3097 tempus,

320 3128 348 3165 “
367 3122 651 3218 fi1ps1florentes‚
666 3148 775 3219 quam
787 3122 890 3221 inops
901 3120 1015 3211 Italia,
1030 3122 1138 3219 quim
1151 3121 1302 3194 imbellis

321 3243 515 3338 “Urbana
544 3242 676 3337 plebes,
710 3241 798 3314 nihil
825 3241 1020 3349 validum
1011 3267 1048 3314 rn
1075 3239 1298 3329 exercitibus,

323 3364 351 3402 “
369 3360 430 3431 nisr
442 3334 545 3455 quod
562 3381 760 3450 externum,
787 3344 1018 3457 cogitarent?

368 3480 470 3551 XLI.
488 3480 617 3551 Hnoo
633 3477 742 3551 senne
753 3480 865 3551 ulla
837 3480 956 3552 civitas
969 3480 1096 3555 intacta
1111 3479 1302 3555 seminibus

320 3596 390 3695 ejus
407 3601 524 3671 motus
539 3596 630 3672 fuit:
658 3599 716 3672 sed
738 3601 880 3695 erupere
905 3600 1009 3696 prinri
1035 3602 1231 3691 Andecavi,
1262 3627 1305 3675 ae

318 3717 468 3791 Turonii
482 3746 490 3789 ε
519 3744 671 3815 quorum
684 3720 896 3793 Andecavos
910 3720 1043 3793 Acilius
1057 3722 1189 3794 Aviola
1206 3723 1301 3818 lega·

320 3838 521 3927 tus,'excitd
537 3840 694 3928 cohorte,
710 3867 790 3937 quae
812 3841 984 3939 Lugduni
1006 3842 1202 3937 praesrdium
1226 3841 1304 3939 agi-

318 3959 427 4050 tabat,
454 3952 636 4039 eo'e'rcuitz'
652 3959 818 4052 Turonii,
842 3960 1034 4059 legionario
1045 3962 1168 4053 milite,
1193 3986 1302 4059 quem
