3259 5284
392 612 437 684 66
600 610 642 682 C.
675 610 951 684 Conurntr
987 611 1193 684 Tnetrr

390 789 420 824 “
437 801 544 873 retur,
574 783 683 880 idque
711 785 790 882 ipsu
821 783 1010 883 perniciem
1038 783 1220 858 adferret.”
1269 786 1366 858 Con·

391 903 550 999 gruentia
577 904 631 977 his
664 907 913 978 Interamnates
938 904 1148 978 disseruere:
1181 910 1209 946 “
1233 905 1367 1000 peffum

392 1027 420 1062 ‘⁴
439 1019 550 1094 ituros
579 1018 836 1097 fecundiffimos
869 1023 975 1098 Italiae
1006 1049 1163 1122 campos,
1202 1025 1225 1094 fi
1254 1022 1368 1096 amnis

393 1145 422 1180 “
439 1141 540 1212 Nar''
572 1141 627 1236 (id
643 1142 737 1214 enim
755 1145 954 1240 parabatur)
986 1144 1062 1216 “in
1080 1144 1173 1216 rivos
1187 1141 1366 1232 diductus,

392 1263 421 1300 “
439 1254 794 1359 supedtagnaviffet.”
854 1265 932 1337 Nec
955 1262 1095 1337 Reatini
1118 1263 1272 1352 silebant,
1298 1264 1367 1334 Ve-

392 1376 505 1450 linum
528 1381 658 1469 lacum,
695 1383 765 1478 qui
786 1381 824 1454 in
849 1383 984 1455 Narem
1012 1381 1214 1470 effunditur,
1239 1379 1370 1454 obstrui

392 1495 612 1585 recusantes3
655 1500 828 1598 “quippe
857 1501 894 1573 in
921 1498 1111 1599 adjacentia
1135 1518 1367 1596 erupturum:

394 1624 422 1659 “
441 1598 587 1714 optume
615 1623 717 1692 rebus
740 1620 942 1693 mortalium
969 1617 1171 1692 consuluisse
1193 1636 1368 1704 naturam,

394 1741 423 1778 “
442 1763 521 1834 quae
547 1735 606 1810 sua
630 1765 691 1811 ora
723 1738 939 1828 fluminibus,
981 1737 1060 1811 suos
1091 1736 1219 1825 cursus,
1259 1755 1371 1832 utque

394 1861 422 1897 “
440 1855 627 1953 originem,
656 1858 704 1930 ita
731 1861 818 1931 fines
844 1857 1006 1932 dederit:
1041 1856 1241 1955 speetandas
1264 1854 1369 1926 etiam

394 1981 422 2016 “
441 1975 628 2073 religiones
644 1976 828 2067 sociorum,
851 1977 1033 2074 quiscum,
1065 1983 1098 2050 δι
1115 1979 1226 2064 lucos,
1245 1979 1371 2047 &aras

394 2100 423 2137 ‘⁶
442 2095 558 2190 patriis
584 2095 746 2169 amnibus
762 2096 980 2170 dicaverint:
1013 2094 1099 2193 quin
1124 2092 1239 2191 ipsum
1261 2093 1370 2166 Tibe·

393 2219 423 2256 “
440 2214 508 2285 rim
524 2217 631 2304 nolle,
658 2215 794 2312 prorsus
807 2215 932 2288 accolis
959 2217 1073 2290 fluviis
1098 2217 1275 2302 orbarum,
1303 2211 1370 2284 mi-

396 2340 528 2406 “nore
555 2334 666 2432 glori&
689 2335 833 2407 fluere.”
893 2335 960 2407 Seu
993 2360 1109 2432 preces
1141 2332 1370 2421 coloniarum,

394 2453 452 2526 seu
479 2454 662 2526 difficultas
687 2479 851 2549 operum,
875 2457 943 2526 five
964 2453 1153 2550 superstitio
1178 2451 1299 2541 valuit,
1333 2469 1372 2524 ut

395 2572 433 2645 in
466 2571 669 2645 sententiam
692 2570 825 2646 Pisonis
848 2574 1108 2664 concederetur,
1133 2571 1194 2670 qui
1214 2570 1264 2642 nil
1292 2597 1371 2644 tnu-

393 2693 540 2764 tandum
566 2689 748 2765 censuerat.

454 2813 613 2884 LXXX.
647 2814 921 2885 Pnonocnrun
946 2815 1100 2909 Poppaeo
1128 2812 1255 2886 Sabino
1290 2835 1370 2909 pro-

394 2929 510 3005 vincia
526 2933 668 3020 Moesra,
686 2931 811 3004 additis
829 2931 964 3005 Achai&
991 2959 1030 3005 ac
1054 2929 1278 3005 Macedonis.
1328 2930 1372 3002 Id

395 3075 538 3149 quoque
561 3076 702 3124 morum
722 3049 857 3124 Tiberii
883 3050 962 3142 fuit,
989 3051 1189 3123 continuare
1215 3047 1371 3144 imperia,

295 3187 299 3192 ’
395 3197 436 3244 ac
449 3168 630 3267 plerosque
652 3170 697 3240 ad
722 3171 830 3242 finem
848 3169 927 3242 vitae
952 3170 988 3241 in
1012 3167 1134 3242 iisdem
1150 3167 1372 3258 exercitibus,

395 3285 760 3385 autjurisdietionibus
776 3289 913 3360 habere.
963 3287 1079 3360 Causae
1103 3287 1207 3361 variae
1229 3289 1372 3360 tradun-

395 3429 475 3480 tur:
499 3405 556 3478 alii
589 3412 616 3447 “
630 3405 735 3478 taedio
761 3431 863 3478 novae
892 3431 997 3496 curae,
1023 3403 1128 3480 semel
1154 3407 1279 3503 placita
1307 3431 1373 3504 pro

397 3535 426 3570 ‘⁶
443 3525 577 3600 aeternis
614 3523 793 3598 servaviffe
807 3525 846 3595 :”
891 3524 1037 3622 quidam
1091 3532 1118 3568 “
1133 3525 1278 3616 invidie,
1329 3551 1374 3597 ne

398 3647 559 3742 “plures
587 3641 784 3717 fruerentur
799 3645 836 3716 :''
863 3642 942 3717 sunt
970 3645 1031 3743 qui
1054 3644 1266 3735 existiment,
1292 3651 1319 3687 ‘⁴
1333 3665 1374 3716 ut

398 3770 426 3805 “
444 3763 611 3836 callidum
627 3761 699 3861 ejus
716 3763 913 3862 ingenium,
932 3763 980 3836 ita
997 3762 1321 3861 anxiumjudicium
1336 3763 1374 3834 :’'

397 3906 511 3980 neque
527 3881 623 3954 enim
639 3882 831 3956 eminentes
844 3883 987 3956 virtutes
1003 3881 1206 3974 sedabatur,
1231 3885 1269 3956 δι
1297 3907 1372 3956 rur-
1436 3949 1439 3955 .

398 3999 476 4074 sum
505 4000 592 4075 vitia
613 4003 758 4078 oderat:
799 4027 845 4076 ex
873 4001 1028 4101 optimis,
1055 4003 1252 4103 periculum
1281 4001 1373 4088 fibi;
