3259 5284
264 600 268 609 ’
358 580 428 676 278
574 576 1143 656 C.ConnaarrTnc1r1

361 752 530 828 “satione
551 753 694 845 intentd,
720 780 814 829 nune
844 754 1002 829 filerent?
1033 776 1170 829 metum
1201 752 1339 853 prorsus

360 878 388 915 “
415 876 449 945 ὅτ
478 874 621 947 noxiam
651 873 866 948 conscientiae
889 901 953 972 pro
973 874 1107 949 soedere
1131 874 1269 948 haberi:
1299 892 1336 946 at

359 998 388 1034 “
406 1018 479 1065 non
497 996 650 1091 patribus
667 993 856 1084 reticenda,
875 1020 954 1091 quae
970 995 1212 1069 audivissent.”
1261 998 1336 1068 Re·

359 1112 462 1207 gulus
480 1118 659 1185 “manere
678 1132 815 1210 tempus
826 1114 978 1204 ultionis,
991 1114 1094 1213 seque
1106 1140 1223 1189 eoram
1235 1114 1335 1187 Prin·

359 1228 481 1327 “cipe
499 1229 739 1305 exsecuturum
753 1230 791 1305 :”
811 1234 901 1307 Trio
925 1241 952 1303 ‘.‘
975 1234 1232 1307 aemulationem
1249 1234 1337 1306 inter

359 1354 388 1392 “
406 1350 573 1449 collegas,
604 1354 638 1423 δι
673 1355 696 1425 sr
731 1378 799 1449 qua
832 1351 1001 1425 discordes
1022 1352 1182 1451 jecissent
1211 1349 1338 1425 melior

358 1472 388 1509 “
414 1467 627 1559 obliterari,'’
642 1468 830 1568 respondit.
877 1474 1038 1569 Urgente
1061 1472 1233 1569 Agrippi,
1251 1473 1337 1544 San-

357 1585 496 1683 quinius
513 1588 708 1679 Maximus,
727 1616 747 1663 e
763 1590 1014 1681 consularibus,
1036 1591 1149 1664 oravit
1164 1590 1335 1680 senatum,

360 1710 390 1747 “
409 1730 453 1777 ne
476 1730 575 1781 curas
601 1709 837 1805 Imperatoris,
865 1710 1063 1809 conquifitis
1085 1708 1222 1807 insuper
1242 1734 1335 1784 acer-

358 1830 387 1869 “
405 1824 571 1899 bitatibus
605 1848 791 1925 augerent:
822 1826 977 1902 sufficere
1005 1826 1117 1927 ipsum
1142 1828 1335 1902 stamendis

357 1950 387 1987 “
405 1944 612 2017 remediis:''
646 1950 690 2021 fic
715 1950 857 2045 Regulo
873 1948 975 2039 salus,
999 1952 1034 2021 a:
1058 1947 1186 2021 Trioni
1214 1948 1336 2021 dilatio

354 2064 454 2138 ersitii
472 2070 621 2164 quaesrta.
672 2067 840 2141 Haterius
856 2068 993 2140 invifior
1007 2065 1087 2157 suit,
1115 2066 1198 2164 quia
1212 2065 1337 2141 somno

354 2206 414 2259 aut
441 2186 631 2260 libidinosas
654 2186 783 2283 vigiliis
805 2186 993 2277 marcidus,
1013 2190 1047 2259 δι
1069 2188 1117 2260 ob
1137 2184 1336 2284 segnitiam,

355 2306 515 2402 quamvis
548 2307 725 2379 crudelem
752 2304 951 2402 Principem
978 2330 1052 2377 non
1077 2324 1249 2393 metuens,
1278 2304 1332 2377 in·

354 2405 517 2498 lustribus
540 2424 620 2498 viris
648 2424 849 2523 perniciem,
879 2424 966 2498 inter
981 2448 1129 2523 ganeam
1145 2448 1185 2497 ae
1200 2422 1334 2521 stupra,

356 2544 602 2617 meditabatur.

402 2666 447 2735 V.
468 2664 576 2737 Exru
596 2664 701 2737 Cotta
719 2664 937 2755 Messalinus,
966 2664 1152 2738 saevisfimae
1169 2661 1336 2761 cujusque

354 2780 526 2856 senteutiae
567 2786 697 2874 auctor,
732 2786 845 2882 eoque
878 2767 1062 2857 inueterata
1092 2783 1237 2875 invidia,
1273 2784 1335 2857 ubi

353 2903 507 2999 primum
520 2902 662 2976 facultas
679 2906 771 2993 data,
789 2902 944 3001 arguitur
956 2906 1144 3001 pleraque:
1160 2909 1187 2946 “
1200 2904 1243 2976 C.
1256 2904 1335 2976 Cae-

354 3022 507 3095 “sarem
533 3027 625 3120 quasr
645 3021 780 3096 incestae
797 3022 1010 3112 virilitatis,”
1039 3027 1071 3095 δι
1091 3023 1174 3095 ciam
1197 3022 1256 3095 die
1273 3048 1333 3096 na-

353 3145 413 3215 tali
445 3142 612 3240 Augustae
629 3136 718 3215 in'ter
750 3142 938 3216 sacerdotes
959 3143 1167 3237 epularetur,
1195 3144 1334 3215 Notxm-

350 3264 463 3333 dialem
481 3286 557 3335 eam
575 3288 707 3335 caenam
723 3260 870 3335 dixisse:
891 3259 1104 3359 querensque
1118 3262 1165 3334 de
1180 3261 1335 3359 potentia

352 3384 410 3454 M.
436 3380 580 3477 Lepidi,
605 3408 645 3453 ac
661 3384 708 3453 L.
731 3381 904 3470 Arruntii,
934 3406 1017 3453 cum
1042 3380 1170 3477 quibus
1184 3383 1235 3453 ob
1257 3406 1333 3454 rem

286 3560 290 3567 .
354 3500 592 3596 pecuniariam
625 3500 853 3597 disceptabat,
887 3499 1068 3589 addidisse,
1102 3500 1226 3573 “illos
1253 3500 1332 3597 qui·

354 3620 483 3691 “dem
517 3617 664 3711 senatus,
706 3646 762 3693 me
803 3640 920 3693 autem
952 3619 1106 3693 tuebitur
1136 3619 1336 3694 Tiberiolus

354 3748 381 3782 “
401 3764 498 3811 meus
516 3742 549 3810 :’'
584 3766 697 3837 neque
734 3742 860 3813 cuneta
891 3765 913 3812 a
945 3738 1154 3836 primoribus
1185 3738 1335 3813 civitatis

350 3858 613 3946 revincebatur3
647 3858 753 3957 iisque
773 3857 989 3946 instantibus,
1023 3862 1067 3929 ad
1083 3860 1334 3956 Imperatorem

296 3998 299 4009 ’
353 3978 571 4077 provocavit.
620 3980 699 4053 Nec
728 3976 842 4053 multi)
871 3976 950 4076 pbst
977 3977 1084 4053 literae
1111 3978 1333 4068 adferuntur,
