3259 5284
523 592 1054 670 AuuntroanthI.
1202 592 1269 669 281

303 771 397 845 hunc
427 772 575 846 modum
603 774 695 871 apud
727 774 881 847 senatum
905 770 1091 844 ordiendo:
1133 775 1161 813 “
1189 772 1274 843 For-

303 897 333 933 “
350 908 444 963 tunae
467 892 611 990 quidem
633 918 718 965 meae
741 892 876 965 fortaffe
902 890 1017 963 minils
1034 889 1197 986 expediat
1214 892 1276 963 ad·

302 1010 510 1109 “gnoscere
537 1011 682 1101 crimen,
721 1011 827 1109 quam
855 1014 1022 1084 abnuere:
1049 1009 1109 1081 sed
1138 1030 1276 1082 utcum-

305 1136 333 1173 “
351 1155 420 1227 que
442 1128 556 1204 casura
580 1155 634 1203 res
660 1130 721 1219 est,
747 1128 882 1203 fatebor
904 1135 937 1202 δι
954 1128 1050 1202 suiffe
1076 1153 1133 1201 me
1156 1127 1278 1225 Sejano

303 1254 331 1293 “
348 1248 515 1340 amicum,
552 1252 585 1321 δι
616 1268 654 1321 ut
681 1251 786 1322 effem
820 1247 997 1345 expetisse,
1032 1247 1277 1344 &postquam

301 1369 493 1465 “adeptus
525 1392 632 1456 etam,
668 1370 832 1441 laetatum.
898 1367 1062 1439 Videtam
1103 1367 1277 1463 collegam

301 1494 331 1531 “
350 1486 468 1585 patris,
487 1488 646 1585 regendis
663 1486 832 1584 praetoriis
848 1487 1069 1571 cohortibus;
1095 1511 1182 1557 mox
1203 1487 1277 1557 Ur·

301 1608 400 1680 “bis
434 1612 468 1679 &
496 1606 627 1679 militiae
656 1605 774 1679 munia
802 1606 900 1677 srmul
928 1607 1143 1677 obeuntem:
1185 1602 1276 1677 illius

301 1732 330 1771 “
349 1724 587 1822 propinqui&
613 1725 743 1797 adfines
768 1723 955 1796 honoribus
971 1724 1209 1819 augebantur:
1237 1744 1278 1797 ut

302 1840 492 1939 “quisque
525 1840 646 1937 Sejano
680 1842 835 1934 intimus,
876 1842 923 1915 ita
950 1844 995 1915 ad
1022 1841 1160 1915 Caesaris
1190 1843 1276 1915 ami-

303 1959 471 2033 “citiam
501 1960 660 2033 validus:
692 1956 820 2033 'contra
850 1961 977 2058 quibus
1004 1958 1154 2034 infensus
1177 1964 1273 2055 effet,

302 2086 331 2124 “
350 2098 446 2151 metu
474 2104 513 2151 ac
542 2078 697 2154 sordibus
722 2079 1027 2153 conflictabantur:
1056 2105 1120 2153 nec
1151 2106 1276 2179 quem·

301 2206 330 2243 “
348 2224 455 2293 quam
484 2201 647 2296 exemplo
675 2198 842 2272 adsumo:
881 2201 1035 2289 cunctos,
1073 2199 1134 2297 qui
1162 2198 1276 2273 novis-

301 2326 330 2363 “
356 2318 429 2391 fimi
451 2318 579 2392 confilii
608 2338 765 2416 expertes
796 2318 940 2407 fuimus,
976 2343 1057 2391 meo
1083 2318 1183 2392 unius
1210 2320 1277 2393 dis-

301 2446 329 2482 “
348 2437 492 2512 crimine
508 2436 709 2511 defendam.
759 2439 845 2511 Non
862 2437 957 2510 enim
980 2436 1140 2534 Sejanum
1163 2441 1276 2511 Vulsr·

300 2563 328 2603 “
345 2557 511 2645 triensem,
540 2555 597 2629 sed
620 2556 774 2629 Claudiae
798 2562 832 2631 ὅτ
856 2556 958 2650 Juliae
979 2558 1107 2629 domlrs
1125 2578 1275 2654 partem,

300 2683 431 2774 “quas
457 2676 632 2749 adfinitate
649 2694 893 2772 occupaverat,
920 2694 1035 2765 tuum,
1063 2675 1190 2765 Caesar,
1215 2703 1276 2775 ge-

302 2802 329 2837 “
348 2818 484 2882 nerum,
518 2793 569 2865 tui
596 2792 789 2866 consulatus
822 2792 968 2883 socium,
1002 2814 1062 2867 tua
1098 2794 1212 2868 officia
1239 2796 1275 2869 in
1317 2863 1320 2868 .

300 2912 525 3008 “republica
560 2914 789 3009 capellentem
825 2915 1034 2986 colebamus.
1109 2916 1195 2987 Non
1229 2916 1276 2991 est

298 3037 328 3073 “
345 3030 501 3103 nostrum
517 3030 695 3120 aestimare,
726 3056 833 3127 quem
858 3056 960 3127 supra
976 3052 1119 3123 ceteros,
1146 3040 1180 3107 δι
1198 3036 1276 3133 qui-

299 3156 328 3194 “
346 3151 411 3223 bus
432 3150 477 3223 de
506 3154 610 3223 causrs
638 3151 796 3223 extollas.
846 3150 931 3224 Tibi
956 3150 1131 3226 summum
1159 3179 1276 3229 rerum

298 3266 511 3367 “judicium
537 3268 587 3340 dii
611 3268 763 3342 dedere:
790 3270 893 3344 nobis
918 3269 1072 3367 obsequii
1089 3274 1199 3370 gloria
1222 3300 1276 3347 re·

299 3396 326 3432 “
345 3388 425 3461 licia
458 3387 518 3461 est.
580 3388 780 3483 spectamus
809 3414 926 3485 porro,
962 3416 1041 3487 quae
1073 3418 1190 3465 coram
1213 3396 1275 3467 ha·

297 3514 326 3551 “
342 3509 479 3596 bentur,
509 3506 566 3579 cui
590 3532 635 3579 ex
658 3527 692 3579 te
713 3531 810 3603 opes,
835 3508 996 3599 honores,
1025 3512 1105 3606 quis
1125 3512 1276 3608 plurima

297 3624 485 3723 “juvandi
513 3624 707 3699 nocendive
728 3626 901 3723 potentia:
929 3653 1008 3725 quae
1025 3628 1146 3726 Sejano
1163 3631 1273 3724 fuiffe,

299 3748 448 3817 “nemo
471 3744 675 3840 negaverit:
703 3744 838 3819 abditos
862 3746 1035 3843 Principis
1052 3746 1176 3841 sensus,
1199 3754 1274 3827 &fi

299 3866 327 3903 “
344 3862 441 3957 quod
458 3862 628 3936 occultius
646 3883 756 3960 parat,
776 3862 972 3961 exquirere,
998 3864 1183 3957 inlicitum,
1210 3894 1272 3943 an-

297 3984 326 4022 “
343 4002 446 4076 ceps:
468 3984 550 4055 'nec
578 3982 657 4056 ideo
682 3980 878 4081 adsequare.
943 3986 1016 4076 Ne,
1045 4005 1159 4089 patres
1188 4011 1271 4063 con·
