3259 5284
479 557 784 625 Auurrrun
815 553 930 624 Lrn.
964 549 1026 622 Vl.
1206 569 1275 647 293

305 744 376 815 tus,
394 726 576 799 honestum
593 728 700 799 finem
717 724 874 798 voluisse.
922 725 1087 797 Ceterirm
1109 722 1276 821 Agrippi·

306 868 361 917 nae
378 844 557 940 pernicies,
580 844 677 941 quod
691 842 752 915 vix
769 843 945 932 credibile,
962 842 1166 915 Plancinam
1182 862 1275 915 trax-

307 963 343 1035 it.
393 965 515 1059 Nupta
538 962 623 1036 olim
640 964 705 1035 Cn.
722 960 850 1051 Pisoni,
878 966 912 1035 &
939 964 1055 1058 palam
1071 964 1149 1034 laeta
1164 980 1276 1033 morte

306 1080 517 1171 Germanici,
542 1081 625 1153 cum
647 1080 724 1153 Piso
740 1083 892 1171 caderet,
911 1081 1071 1177 precibus
1093 1077 1288 1177 Auguste„

306 1222 372 1272 nec
401 1199 524 1281 ¹minus
561 1198 749 1272 inimicitiis
785 1199 993 1296 Agrippina²
1020 1196 1158 1272 defensa
1193 1218 1276 1270 erat.
1305 1185 1333 1295 ἰ

306 1318 359 1391 Ut
375 1318 496 1391 odium
522 1324 555 1393 δι
579 1321 687 1417 gratia
703 1320 845 1407 desiere,
868 1315 927 1414 jus
942 1316 1075 1390 valuit:
1103 1315 1278 1412 petitaque

304 1438 506 1512 criminibus
531 1440 626 1512 haud
654 1436 797 1536 ignotis,
820 1436 878 1509 sud
902 1460 1022 1525 manu,
1056 1434 1126 1507 sera
1149 1434 1275 1532 magis,
1301 1474 1386 1542 f»
1467 1443 1483 1467 ·'

305 1557 414 1653 quim
432 1556 605 1629 immerita
620 1554 788 1653 supplicia
805 1553 977 1652 persolvit.

355 1676 509 1749 XXVII.
534 1676 620 1747 Tor
646 1698 838 1747 tuctrsus
866 1671 999 1746 funestas
1021 1671 1175 1761 civitate,
1200 1696 1276 1767 pars

305 1793 458 1867 meroris
484 1791 562 1883 fuit,
595 1792 690 1889 quod
716 1792 824 1887 Julia‚
859 1794 961 1865 Drusi
987 1790 1071 1881 filia,
1097 1791 1277 1887 quondam

307 1910 459 1985 Nemnis
475 1936 578 2000 uxor,
602 1912 759 2007 denupsit
776 1910 811 1983 in
828 1912 976 1983 domum
1002 1908 1157 1982 Rubellii
1175 1910 1276 1981 Blan-

304 2028 357 2117 di,
383 2026 477 2125 cujus
503 2052 624 2117 avum,
648 2028 845 2119 Tiburtem,
871 2028 1027 2126 equitem
1055 2032 1274 2114 Romanum,

305 2144 462 2243 plerique
485 2146 724 2221 meminerant.
777 2150 946 2221 Extremo
971 2147 1052 2219 anni
1076 2170 1171 2219 mors
1188 2146 1274 2220 AElii

305 2265 442 2339 Lamiae
458 2264 578 2339 funere
594 2264 746 2339 censorio
763 2268 947 2355 celebrata,
960 2264 1020 2362 qui
1036 2263 1274 2337 administran-

299 2384 356 2457 dre
383 2383 488 2480 Syriae
515 2384 666 2482 imagine
682 2385 825 2456 tandem
841 2383 1027 2473 exsolutus,
1061 2382 1152 2456 Urbi
1185 2408 1273 2478 prae·

303 2502 437 2577 suerat:
467 2528 575 2599 genus
604 2502 653 2574 illi
678 2505 859 2592 decorum,
887 2502 1004 2575 vivida
1032 2499 1208 2586 seneslus3
1239 2506 1273 2574 &

305 2646 377 2694 non
414 2620 572 2717 permissa
612 2621 790 2717 provincia
816 2620 1056 2718 dignationem
1082 2620 1273 2692 addiderat.

307 2738 401 2811 Exin
430 2740 555 2812 Flacco
583 2739 796 2834 Pomponio,
829 2738 931 2833 Syriae
957 2758 1181 2834 propraetore,
1211 2740 1273 2809 de·

304 2855 438 2947 sunslo,
462 2857 649 2931 recitantur
667 2854 807 2929 Caesaris
840 2855 960 2945 literae,
997 2859 1077 2952 quls
1101 2855 1275 2930 incusabat

303 2982 333 3017 “
351 2975 532 3073 egregium
562 3000 752 3073 quemque,
800 2980 834 3045 dc
870 2974 1031 3071 regendis
1065 2974 1274 3047 exercitibus

306 3100 334 3137 “
352 3093 531 3183 idoneum,
552 3095 701 3166 abnuere
718 3093 753 3165 id
771 3117 922 3165 munus:
948 3091 1051 3189 seque
1072 3098 1112 3165 eal
1136 3096 1274 3165 necessr-

303 3220 332 3257 “
350 3214 470 3286 tudine
487 3212 531 3285 ad
549 3236 665 3308 preces
683 3212 778 3308 cogi,
795 3234 856 3307 per
868 3234 953 3307 quas
966 3210 1194 3283 consularium
1211 3210 1273 3284 ali·

301 3339 329 3375 “
348 3333 408 3429 qui
434 3332 604 3428 capessere
631 3329 828 3427 provincias
854 3330 1122 3426 adigerentur:”
1146 3330 1273 3403 oblitus

303 3450 508 3523 Arruntium
531 3473 575 3522 ne
603 3448 639 3520 in
663 3446 869 3545 Hispaniam
898 3470 1069 3546 pergeret,
1095 3451 1274 3524 decimum

296 3566 370 3665 jam
400 3594 532 3643 annum
558 3566 704 3641 attineri.
753 3567 855 3667 Obiit
885 3570 1009 3642 eodem
1034 3594 1126 3641 anno
1156 3574 1190 3642 dc
1216 3574 1273 3644 M.
1379 3636 1382 3646 .

303 3685 473 3781 lepidus,
507 3686 552 3759 de
581 3685 676 3786 cujus
703 3686 953 3777 moderatione,
983 3707 1087 3785 atque
1111 3688 1275 3786 sapientis

303 3800 340 3875 in
359 3804 525 3898 prioribus
543 3805 636 3879 libris
651 3804 726 3878 satis
743 3806 947 3879 conlocavi:
982 3833 1096 3905 neque
1114 3810 1275 3883 nobilitas

302 3920 434 3995 diutius
460 3920 729 4000 demonstranda
752 3923 824 3996 est:
850 3925 981 4025 quippe
1004 3927 1190 4001 AEmilium
1213 3952 1274 4029 ge-

764 4044 802 4117 U
827 4070 851 4135 4
955 4102 962 4116 .
