3259 5284
508 528 813 644 Musarum
845 571 956 643 Lrn.
988 570 1051 641 III.
1202 592 1268 667 153

305 739 556 839 morejadatai:
582 740 669 814 adeo
682 740 835 814 maxima
845 764 991 838 quaeque
1002 736 1167 835 ambigua
1182 736 1274 827 sunt,

305 860 393 931 dum
419 860 476 932 alii
503 886 645 957 quoquo
661 862 768 933 modo
785 860 902 933 audita
924 883 986 955 pro
1013 856 1198 953 compertis
1214 860 1274 929 ha·

310 980 419 1065 beot,
445 978 502 1051 alii
517 1004 598 1051 vera
623 979 660 1052 in
687 978 899 1052 contrarium
927 996 1086 1049 vertunt:
1114 976 1277 1075 &gliscit

305 1116 495 1195 utrumque
506 1097 712 1195 posteritate.
748 1102 799 1171 At
811 1096 941 1170 Drusus
954 1097 1054 1169 Urbe
1063 1098 1210 1193 egressus
1223 1121 1275 1167 re·

232 1232 236 1238 ’
306 1216 461 1313 petendis
477 1216 643 1313 auspiciis,
669 1242 756 1289 mox
779 1242 886 1289 ovans
915 1215 1059 1306 introiit,
1085 1214 1277 1312 paucosque

305 1336 383 1431 post
398 1336 472 1409 dies
487 1334 648 1431 Vipsania
660 1356 768 1407 mater
779 1334 849 1433 ejus
863 1338 1012 1425 excessu,
1039 1361 1106 1406 una
1118 1334 1275 1409 omnium

306 1454 475 1551 Agrippae
488 1454 674 1528 liberorum
686 1454 762 1526 miti
775 1455 895 1529 obitu:
921 1481 1000 1527 nam
1018 1474 1146 1526 ceteros
1162 1452 1271 1525 mani-

304 1568 429 1645 festum
455 1571 559 1661 ferr0,
585 1574 642 1645 vel
667 1569 835 1645 creditum
858 1573 921 1667 est,
947 1587 1082 1645 veneno
1105 1592 1164 1645 aut
1185 1571 1276 1647 same

303 1692 499 1765 exstinstos.

357 1813 443 1883 XX.
467 1814 611 1884 Eoonnt
629 1835 720 1883 anno
735 1808 948 1901 Tacfarinas,
975 1836 1080 1909 quem
1097 1810 1211 1907 priore
1229 1836 1273 1883 ae·

306 1928 390 2001 state
403 1928 572 2025 pulsuma
587 1929 738 2002 Camillo
749 1931 957 2021 memoravi,
983 1933 1119 2003 bellum
1133 1930 1169 2003 in
1183 1930 1277 2003 Afn’-

303 2049 346 2119 csr
370 2066 526 2138 renovat,
560 2049 657 2146 vagis
681 2048 831 2145 primbm
850 2049 1148 2146 populationibus,
1175 2052 1279 2123 &ob

302 2166 539 2262 pernicitatem
564 2167 705 2239 inultis:
732 2168 813 2240 dein
840 2170 934 2242 vicos
965 2168 1180 2259 exscindere,
1210 2190 1277 2242 tra·

302 2286 384 2357 here
397 2311 522 2384 graves
534 2288 684 2382 praedas:
710 2287 885 2384 postremo
895 2290 988 2362 haud
1002 2292 1123 2386 procui
1135 2292 1279 2387 Pagyda

303 2404 462 2494 flumine,
494 2406 672 2484 cohortem
692 2409 893 2479 Romanam
910 2408 1135 2482 circumsedit.
1184 2412 1278 2483 Prae·

303 2541 377 2595 erat
410 2522 551 2597 castello
581 2524 741 2615 Decrius,
774 2524 923 2624 impiger
956 2554 1075 2619 manu,
1112 2528 1280 2602 exercitus

304 2640 439 2731 militis,
478 2647 512 2716 ὅτ
545 2644 641 2717 illam
673 2644 888 2719 obfidionem
926 2646 1048 2745 flagitii
1087 2667 1194 2720 ratus.
1245 2650 1280 2720 Is

249 2848 251 2852 ι
301 2762 501 2835 cohortatus
531 2763 669 2852 milites,
697 2769 781 2836 “ut
805 2764 945 2861 copiam
963 2790 1089 2863 pugnae
1111 2765 1147 2837 in
1163 2782 1280 2862 aperto

302 2886 330 2922 “
347 2878 536 2970 facerent,''
560 2880 671 2954 aciem
691 2907 759 2978 pro
777 2883 893 2956 castris
906 2884 1065 2969 instruit3
1095 2884 1281 2981 primoque

300 2998 437 3097 impetu
450 2998 545 3096 pulsa
557 3002 715 3090 cohorte,
744 3013 925 3098 promptus
941 3002 1030 3074 inter
1041 3004 1109 3075 tela
1120 3002 1278 3076 occursat

301 3117 531 3216 fugientibus,
558 3119 712 3215 increpat
737 3118 926 3218 signiferos,
955 3128 981 3163 “
1000 3119 1095 3218 quod
1117 3119 1276 3193 incondi-

300 3244 329 3287 “
346 3238 388 3310 tis
403 3260 463 3311 aut
484 3237 709 3311 desertoribus
720 3238 820 3316 miles
835 3242 1016 3312 Romanus
1033 3258 1130 3339 terga
1145 3241 1296 3313 daret:”‘

301 3360 404 3431 fimul
435 3377 584 3453 excepta
610 3359 766 3447 vulnera,
797 3362 832 3430 &
862 3385 1077 3456 quamquam
1102 3360 1281 3436 transfosso

302 3479 422 3566 oculo,
461 3475 641 3549 adversum
673 3503 711 3549 os
743 3478 780 3550 in
805 3478 940 3550 hostem
968 3479 1127 3568 intendit,
1168 3506 1280 3579 neque

301 3595 468 3693 proelium
485 3596 611 3686 omifit,
636 3597 750 3669 donec
767 3594 919 3670 desertus
935 3595 1000 3670 suis
1017 3600 1161 3683 caderet.

348 3715 449 3787 XXI.
461 3718 563 3813 Qun
585 3715 768 3812 postquam
778 3717 825 3787 L.
840 3714 999 3811 Apronio
1018 3719 1119 3811 (nam
1132 3718 1281 3794 Camillo

298 3830 513 3927 succefferat)
543 3854 745 3933 comperta,
775 3834 887 3931 magis
915 3834 1083 3909 dedecore
1121 3834 1277 3928 suorum,

298 3951 405 4058 quim
416 3952 524 4056 gloria
534 3952 640 4029 hostis
652 3952 789 4045 anxius,
815 3978 891 4027 raro
904 3954 1168 4052 estempestate,
1208 3961 1277 4035 &e
