3259 5284
487 627 791 695 Auussrusr
823 618 1012 690 mn.
1186 642 1250 715 123

287 792 454 892 persuafio
479 792 603 866 veneni
618 817 639 863 a
654 788 775 864 Pisone
791 787 920 884 accepti
937 815 945 859 :
978 790 1011 858 δι
1040 783 1253 882 reperieban-

287 933 344 987 tur
359 914 430 986 solo
459 939 500 985 ac
527 910 712 1009 parietibus
739 929 845 980 erutae
871 909 1106 978 humanorum
1132 930 1253 1002 corpo·

284 1057 366 1106 rum
382 1032 547 1130 reliquiae,
569 1028 736 1116 carmina,
762 1031 796 1100 ὃς
823 1025 1038 1114 devotiones,
1061 1028 1094 1096 &
1123 1049 1253 1097 nomen

287 1150 483 1224 Germanici
499 1147 672 1247 plumbeis
702 1144 829 1219 tabulis
855 1142 1076 1240 insculptum,
1105 1141 1251 1216 semiusti

287 1273 431 1358 cineres,
454 1294 493 1340 ac
505 1270 584 1340 tabe
595 1265 708 1352 obliti,
730 1264 865 1359 aliaque
887 1262 1070 1350 maleficia,
1085 1264 1164 1358 quls
1180 1287 1252 1334 cre·

287 1387 383 1459 ditur
409 1386 539 1459 animas
567 1383 767 1456 numinibus
800 1379 939 1454 infernis
976 1378 1117 1452 sacrari:
1154 1380 1253 1452 srmul

286 1505 373 1578 missi
388 1531 410 1578 a
424 1503 547 1578 Pisone
563 1500 815 1589 incusabantur,
838 1517 877 1571 ut
899 1496 1104 1570 valetudinis
1116 1497 1254 1571 adversa

286 1622 461 1696 rimantes.

334 1744 457 1814 LXX.
483 1743 543 1812 En
565 1737 919 1812 Gnnmnurcohaud
934 1735 1121 1824 minusirfi,
1145 1736 1253 1831 quim

288 1883 350 1956 per
379 1877 512 1931 metum
540 1877 703 1952 accepta3
732 1859 797 1928 “fi
832 1854 938 1927 limen
978 1856 1198 1943 obsideretur,
1230 1855 1254 1925 sr

289 1975 564 2048 “effundendus
584 1972 721 2070 spiritus
742 1972 803 2045 sub
826 1972 936 2046 oculis
961 1971 1179 2046 inimicorum
1200 1971 1253 2044 fo·

289 2100 319 2137 ⁴⁴
337 2111 412 2176 ret;
436 2092 521 2189 quid
547 2091 673 2164 deinde
695 2089 891 2164 miserrima
909 2090 1062 2188 conjugi,
1088 2092 1175 2188 quid
1201 2091 1253 2162 in-

289 2216 317 2255 ⁴⁴
334 2209 484 2285 lantibus
500 2209 613 2284 liberis
628 2214 862 2283 eventurum?
892 2212 984 2282 lenta
1009 2210 1118 2282 videri
1149 2235 1252 2284 vene·

289 2338 317 2374 ‘⁴
335 2330 438 2404 sicia:
467 2329 682 2402 festinare&
710 2355 845 2427 urgere,
874 2349 913 2402 ut
949 2328 1177 2426 provinciam,
1216 2351 1255 2404 ut

288 2449 490 2547 “legiones
509 2448 599 2521 solus
620 2450 768 2521 habeat:
807 2447 864 2520 sed
891 2474 961 2521 non
982 2447 1089 2545 usque
1121 2449 1163 2522 eb
1193 2453 1253 2522 de-

288 2574 317 2611 ‘⁴
335 2565 465 2640 festum
481 2566 743 2656 Germanicum,
760 2591 873 2663 neque
886 2567 1028 2664 praemia
1042 2567 1146 2641 caedis
1162 2571 1255 2666 apud

289 2691 317 2728 ‘⁴
335 2684 586 2757 interfectorem
621 2683 828 2757 mansura:'’
868 2686 1049 2782 componit
1080 2687 1254 2782 epistolas,

290 2808 320 2845 ⁴⁴
339 2803 417 2897 quls
433 2801 620 2873 amicitiam
647 2802 680 2872 ei
707 2800 960 2874 renuntiabat.'’
1010 2805 1158 2876 Addunt
1183 2806 1255 2900 ple-

290 2919 436 3015 “rique
465 2917 595 3014 jussum
625 2919 803 3015 provincis
830 2921 997 2993 decedere
1013 2925 1048 2992 :”
1082 2945 1145 2993 nec
1177 2920 1255 2993 Piso
1343 2997 1346 3004 .

290 3057 441 3110 moratus
479 3037 581 3126 ulul,
616 3061 721 3110 naves
760 3036 886 3124 solvit;
943 3041 1257 3136 moderabaturque

289 3153 415 3244 cursui,
452 3154 524 3250 qub
546 3153 687 3250 propius
707 3157 959 3252 regrederetur,
1006 3159 1029 3230 sr
1053 3181 1145 3230 mors
1169 3160 1256 3230 Ger·

288 3273 417 3348 manici
441 3271 573 3368 Syriam
597 3272 787 3368 aperuisset.

347 3393 485 3464 LXXI.
529 3392 673 3462 Casan
704 3389 887 3487 paullisper
911 3393 956 3464 ad
989 3391 1084 3489 spem
1112 3397 1256 3488 ereslus,

286 3509 371 3584 dein
397 3507 481 3583 sesso
513 3534 672 3606 corpore,
700 3509 762 3582 ubi
790 3509 868 3583 finis
898 3513 1028 3602 aderat,
1065 3515 1257 3590 adfistentes

287 3627 418 3700 amicos
444 3627 480 3700 in
508 3631 601 3702 hunc
628 3629 774 3702 modum
807 3628 1033 3725 adloquitur:
1070 3637 1097 3673 ⁴⁴
1119 3633 1153 3704 Si
1185 3632 1257 3707 fato

289 3750 318 3787 ⁴⁴
336 3748 576 3836 concederem,
604 3745 717 3845 justus
734 3746 820 3818 mihi
843 3749 944 3820 dolor
966 3747 1069 3822 etiarn
1095 3753 1257 3826 adversus

288 3867 318 3904 ⁴⁴
336 3863 420 3935 deos
436 3866 530 3952 esset,
551 3865 648 3962 qubd
661 3889 718 3938 me
730 3865 940 3962 parentibus,
967 3867 1095 3956 liberis,
1125 3870 1255 3965 patriae,

289 3985 303 4026 ⁴
308 3985 319 4021 ⁴
335 3979 424 4056 intra
429 3977 611 4077 juventam
624 4001 831 4081 pranuturo
847 3983 940 4059 exitu
957 4005 1113 4084 raperent
1129 4014 1138 4060 ε
1163 4013 1256 4066 nunc
