3259 5284
384 611 428 684 26
574 606 925 682 ceolum
959 610 1169 685 Tncrrr

382 789 411 824 “
428 808 513 856 num
528 787 531 794 ’
546 785 700 858 laborem
727 783 901 881 portendi,
934 782 992 855 sua
1021 781 1171 856 facinora
1210 785 1353 862 aversari
1400 815 1404 821 ’

382 909 410 976 ‘,‘
428 904 535 976 deos''
551 906 790 977 lamentantur.
803 904 987 976 Utendum
997 902 1216 976 inclinatione
1225 909 1264 978 ea
1275 908 1352 980 Cae·

379 1020 443 1113 sar,
473 1026 505 1094 &
523 1049 600 1120 quae
612 1020 705 1096 casus
721 1024 906 1112 obtulerat,
924 1022 960 1094 in
975 1021 1172 1118 sapientiam
1188 1029 1353 1100 vertenda

380 1161 486 1232 ratus,
517 1140 687 1215 circinniri
719 1141 863 1215 tentoria
887 1140 999 1239 jubet.
1029 1141 1174 1216 Accitur
1200 1147 1355 1218 centurio

380 1262 556 1352 Clemens,
575 1265 645 1334 &st
659 1261 717 1358 qui
729 1261 786 1334 alii
803 1261 903 1336 bonis
914 1261 1043 1336 artibus
1055 1261 1143 1360 grati
1155 1261 1190 1334 in
1202 1265 1352 1361 vulgus:

381 1380 559 1478 iivigiliis,
589 1380 801 1472 stationibus,
831 1381 989 1455 custodiis
1016 1401 1191 1478 portarum
1219 1380 1253 1454 le
1268 1382 1353 1456 inse-

382 1517 476 1589 runt,
504 1497 599 1596 spem
616 1501 777 1590 offerunt,
808 1521 941 1574 metum
957 1501 1151 1574 intendunt.
1171 1505 1198 1542 “
1216 1502 1353 1598 Qrous-

384 1625 412 1662 “
431 1644 498 1716 que
515 1617 625 1692 lilium
642 1619 855 1717 imperatoris
876 1619 1134 1694 obsidebimus?
1154 1617 1230 1716 quis
1246 1640 1354 1692 certa-

383 1745 413 1780 “
430 1738 565 1810 minum
591 1737 694 1810 finis?
713 1739 962 1829 Percennione,
992 1742 1025 1812 δι
1055 1738 1227 1811 Vibuleno
1248 1735 1354 1811 sacra·

384 1863 412 1900 “
431 1877 589 1930 mentum
605 1857 728 1930 dicluri
739 1856 854 1931 sumus
868 1862 880 1930 ?
899 1855 1151 1930 Percennius&
1164 1855 1356 1930 Vibulenus

384 1976 594 2072 “stipendia
622 1975 798 2066 militibus,
829 2002 930 2074 agros
963 1974 1111 2048 emeritis
1140 1975 1351 2072 largientur?

356 2087 358 2094 ¹
384 2095 591 2192 “Denique
623 2121 686 2192 pro
718 2081 917 2169 Neronibus
950 2100 983 2168 &
1010 2097 1141 2184 Drusis,
1172 2093 1354 2190 imperium

384 2223 412 2259 “
431 2215 549 2313 populi
582 2214 735 2288 Romani
752 2215 947 2311 capellent?
966 2213 1050 2310 quin
1076 2213 1202 2310 potius,
1236 2233 1275 2286 ut
1291 2239 1354 2288 no·

385 2342 413 2378 “
431 2333 553 2408 viffimi
569 2333 605 2404 in
621 2334 773 2430 culpam,
802 2333 848 2406 ita
864 2331 966 2429 primi
981 2335 1026 2406 ad
1054 2332 1286 2428 paenitentiam
1302 2331 1355 2406 su-

385 2461 412 2497 “
430 2457 533 2526 mus?
552 2454 670 2525 Tarda
685 2451 759 2526 sunt
776 2479 853 2550 quae
870 2452 906 2525 in
934 2475 1121 2525 commune
1137 2450 1355 2547 expostulan-

385 2580 415 2617 “
432 2592 510 2646 tur:
546 2571 714 2668 privatam
744 2570 887 2668 gratiam
903 2569 1015 2642 statim
1047 2593 1212 2659 mereare,
1244 2569 1357 2643 statim

384 2702 413 2737 “
431 2691 581 2788 recipias.
596 2692 618 2723 ''
634 2690 828 2768 Commotis
845 2715 906 2786 per
922 2691 995 2762 hac
1011 2687 1198 2779 mentibus,
1219 2692 1252 2764 &
1268 2688 1357 2764 inter

383 2811 417 2886 se
432 2809 603 2907 suspectis,
632 2809 779 2882 tironem
795 2835 817 2880 a
833 2829 1010 2897 veterano,
1039 2808 1213 2906 legionem
1229 2835 1249 2880 a
1271 2809 1356 2906 legi-

384 2955 452 3004 one
468 2929 655 3004 dillociant.
683 2928 778 3002 Tum
796 2928 905 3001 redire
938 2921 1116 3024 paullatim
1132 2952 1231 2999 amor
1260 2926 1357 3000 obse-

384 3049 479 3148 quii:
499 3049 661 3122 omittunt
679 3067 805 3143 portas,
841 3050 935 3144 signa
949 3072 1059 3120 unum
1076 3045 1113 3118 in
1129 3048 1246 3118 locum
1263 3046 1356 3143 prin-

385 3170 476 3268 cipio
513 3166 683 3241 seditionis
720 3187 942 3263 congregata,
981 3162 1054 3236 suas
1079 3164 1115 3236 in
1145 3162 1240 3238 sedes
1271 3165 1357 3239 refe-

384 3310 475 3363 runt.

433 3407 570 3481 XXIX.
598 3407 769 3494 Drusus,
800 3423 877 3476 orto
893 3403 962 3494 die,
989 3407 1023 3476 ἃ
1040 3406 1162 3477 vocata
1177 3405 1358 3495 concione,

386 3551 598 3624 quamquam
628 3509 888 3614 mdis'dicendi,
922 3523 1098 3598 nobilitate
1114 3523 1277 3620 ingenita,
1306 3526 1358 3597 in-

384 3642 477 3719 cusat
495 3644 619 3742 priora,
648 3647 770 3740 probat
786 3643 971 3741 praesentia.
1000 3646 1120 3743 Negat
1137 3652 1166 3687 ‘⁶
1183 3642 1216 3715 se
1231 3663 1359 3717 terrore

387 3773 414 3808 “
433 3767 466 3836 &
493 3762 594 3836 minis
610 3762 725 3835 vinci:
757 3767 866 3838 flexos
882 3766 927 3836 ad
959 3763 1160 3837 modestiam
1178 3766 1201 3835 fi
1230 3763 1360 3852 videat,

387 3891 415 3928 “
435 3887 457 3956 fi
474 3882 640 3980 supplices
656 3883 783 3974 audiat,
804 3868 1009 3982 scripturum
1026 3883 1126 3982 patri,
1152 3902 1192 3956 ut
1208 3883 1361 3978 placatus

388 4010 416 4046 “
434 4002 610 4102 legionum
627 4027 744 4103 preces
761 4004 944 4103 exciperet.
957 4005 979 4037 '³
996 4002 1197 4092 Orantibus,
1227 3997 1360 4074 rursum
