3259 5284
327 604 392 701 156
504 604 1096 683 C.Coxxrt11Tncrr1

323 776 453 849 Drusus
469 776 624 867 adsensit,
642 805 856 877 quamquam
873 781 929 853 alii
947 782 1063 854 mitibs
1076 778 1289 853 censuissent:

322 918 409 965 mox
426 898 568 985 Scaum,
599 897 659 993 qui
677 899 783 970 filiam
805 924 849 973 ex
875 904 914 972 ea
942 920 1119 997 genuerat,
1154 900 1290 988 datum,

321 1036 366 1083 ne
393 1014 486 1085 bona
510 1014 777 1109 publicarentur.
855 1019 952 1090 Tum
978 1018 1123 1092 demum
1156 1018 1290 1115 aperuit

320 1130 494 1221 Tiberius,
525 1140 788 1232 “compertum
812 1136 873 1209 fibi
890 1136 995 1209 etiam
1016 1163 1060 1210 ex
1088 1141 1129 1211 P.
1142 1136 1290 1233 Qtirinii

322 1255 350 1293 “
368 1250 482 1343 servis,
501 1278 635 1326 veneno
651 1281 731 1327 eum
753 1282 773 1327 a
800 1254 935 1352 Lepidal
952 1255 1137 1352 petitum.''

367 1371 501 1444 XXIV.
526 1373 777 1447 lucustarum
796 1379 968 1447 domuum
985 1374 1122 1447 adversa
1141 1374 1288 1470 (etenim

319 1490 413 1565 haud
430 1492 581 1564 multum
598 1492 733 1566 distanti
749 1514 906 1591 tempore
921 1493 1097 1590 Calpurnii
1113 1492 1286 1583 Pisonem,

319 1610 455 1686 AEmilii
483 1611 659 1707 Lepidam
684 1611 882 1707 amiserant)
925 1613 1042 1685 solatio
1069 1612 1195 1686 adfecit
1239 1616 1287 1686 D.

318 1727 464 1819 Silanus,
492 1729 605 1824 Juniae
619 1730 759 1804 familiae
777 1732 955 1804 redditus:
986 1731 1099 1805 casum
1116 1730 1186 1829 ejus
1204 1758 1287 1828 pau·

317 1848 367 1921 cis
383 1870 546 1946 repetam.
570 1852 623 1922 Ut
639 1850 755 1923 valida
770 1850 854 1923 divo
872 1850 1034 1948 Augusto
1061 1852 1095 1923 in
1123 1854 1286 1947 rempub-

318 1967 422 2039 licam
454 1964 603 2057 sortuna,
631 1968 678 2040 ita
694 1970 791 2043 domi
808 1969 1017 2067 improspera
1043 1968 1120 2059 fuit,
1148 1972 1196 2042 ob
1219 1969 1286 2041 im·

317 2085 520 2182 pudicitiam
548 2086 628 2159 filiae
660 2110 709 2161 ¹ac
742 2088 867 2185 neptis,
907 2116 990 2185 quas
1016 2090 1114 2161 Urbe
1139 2088 1284 2184 depulit,

314 2204 554 2301 adulterosque
570 2231 687 2279 earum
703 2228 813 2278 morte
830 2226 889 2279 aut
903 2204 986 2303 suga
1000 2206 1137 2302 punivit
1153 2235 1162 2277 ε
1203 2232 1284 2279 nam

315 2324 454 2419 culpam
469 2323 558 2395 inter
574 2323 717 2397 virosae
733 2323 877 2397 feminas
889 2326 1081 2421 vulgatam,
1106 2324 1204 2421 gravi
1220 2350 1282 2396 no-

316 2441 410 2515 mine
434 2440 636 2514 “lasarum
666 2442 983 2541 religionum,”,ac
1009 2449 1037 2487 ‘⁴
1050 2442 1185 2516 violatae
1210 2469 1283 2515 ma-

318 2567 347 2605 “
357 2558 511 2659 jestatis''
532 2562 753 2659 appellando,
777 2561 996 2634 clementiam
1014 2559 1185 2657 majorum
1197 2560 1284 2634 suas-

315 2706 384 2778 que
407 2678 478 2778 ipse
502 2684 596 2779 leges
613 2682 863 2779 egrediebatur.
912 2682 979 2755 Sed
991 2681 1140 2755 aliorum
1157 2681 1283 2771 exirm,

314 2802 413 2874 simul
431 2820 541 2873 cetera
571 2800 660 2874 illius
677 2800 785 2874 aetatis
811 2804 1026 2892 memorabo,
1052 2805 1074 2875 sr
1101 2800 1227 2873 essedis
1248 2802 1284 2871 in

314 2946 394 3019 quae
410 2920 518 3011 tendi,
545 2923 659 3019 plures
675 2923 720 2994 ad
737 2948 833 2995 curas
847 2921 956 2995 vitam
974 2923 1185 3017 produxero.
1236 2923 1284 2994 D.
1320 3012 1322 3018 Α

313 3040 461 3131 Silanus,
501 3040 537 3113 in
576 3040 672 3137 nepti
704 3041 853 3139 Augusti
882 3041 1027 3129 adulter,
1068 3065 1283 3137 quamquam

312 3186 385 3233 non
412 3161 503 3233 ultra
525 3158 612 3231 soret
627 3158 796 3250 saevitum,
827 3161 934 3256 quam
951 3179 989 3230 ut
1004 3158 1155 3231 amicitia
1172 3155 1283 3229 Caesa-

311 3280 357 3353 ris
378 3278 628 3375 prohiberetur,
658 3279 814 3351 exsilium
844 3277 903 3351 fibi
929 3276 1153 3349 demonstrari
1181 3274 1282 3347 intel-

312 3396 424 3471 lexit:
461 3420 540 3485 nec,
578 3396 637 3466 nist
679 3396 824 3470 Tiberio
847 3395 1078 3492 imperitante,
1107 3394 1283 3490 deprecari

310 3514 465 3589 senatum
481 3541 521 3589 ac
538 3513 734 3613 Principem
751 3514 849 3587 ausus
865 3514 927 3603 est,
957 3517 1013 3586 M.
1042 3512 1146 3587 Silani
1172 3510 1282 3584 fratris

312 3634 478 3731 potentia,
498 3634 557 3731 qui
574 3659 634 3731 per
651 3633 819 3731 insignem
837 3632 1054 3706 nobilitatem
1068 3639 1101 3707 δι
1115 3633 1282 3729 eloquen-

311 3753 397 3826 tiam
423 3754 651 3849 precellebat.
709 3753 776 3826 Sed
814 3753 977 3827 Tiberius
1019 3771 1129 3851 grates
1167 3752 1283 3850 agenti

311 3870 439 3960 Silano,
473 3871 627 3968 patribus
659 3898 777 3945 coram
810 3871 997 3969 respondit,
1041 3871 1114 3945 “se
1142 3898 1282 3969 quoque

313 3998 341 4043 “
359 3990 465 4067 laetari
482 3990 578 4089 quod
593 3990 696 4065 stater
712 3989 783 4090 ejus
808 4019 828 4066 e
851 3992 1125 4093 peregrinatione
1142 3991 1283 4093 longia
