3259 5284
393 592 461 661 242
585 568 1190 645 C.CoruntrrTAcrrr

386 764 504 819 tamen
528 746 721 821 offenfionis
739 770 798 821 aut
815 750 927 821 metus
944 746 1144 821 manifestus
1167 746 1268 835 foret,
1298 748 1367 819 fine

388 864 564 963 responso,
588 894 803 965 quamquam
818 868 1015 957 instantem,
1042 866 1193 965 reliquit.
1241 866 1284 938 Id
1300 889 1368 963 ego

388 983 656 1083 ascriptoribus
680 988 856 1061 annalium
886 1014 958 1061 nou
982 988 1162 1078 traditum,
1196 984 1305 1081 reperi
1331 984 1369 1057 in

387 1105 646 1179 commentariis
681 1106 900 1205 Agrippinae,
943 1105 1044 1179 filiae:
1087 1132 1166 1203 quae
1202 1102 1368 1193 Neronis,

389 1224 573 1320 Principis,
611 1247 736 1317 mater,
773 1226 885 1301 vitam
913 1225 1008 1299 suam
1036 1230 1071 1298 δι
1105 1222 1201 1299 casus
1227 1224 1368 1297 suorum

388 1344 530 1441 posteris
548 1346 767 1419 memoravit.

435 1464 533 1537 LlV.
560 1464 755 1537 Caranum
780 1465 920 1563 Sejanus
946 1486 1147 1539 maerentem
1176 1468 1209 1537 δι
1235 1463 1366 1559 impro-

387 1583 507 1657 vidam
528 1582 629 1655 altitis
654 1584 818 1679 perculit:
853 1584 1019 1674 immiffrs,
1048 1584 1109 1682 qui
1133 1609 1193 1681 per
1219 1582 1368 1681 speciem

386 1702 547 1776 amicitiae
570 1724 766 1793 monerent,
804 1711 1010 1800 “paratum
1036 1703 1068 1775 ei
1096 1728 1286 1792 venenum,
1315 1700 1366 1773 vi·

391 1829 422 1865 “
440 1823 561 1895 tandas
593 1822 698 1895 soceri
733 1825 891 1921 epulas.'’
963 1829 1086 1920 Atque
1116 1823 1188 1913 illa,
1233 1822 1369 1895 simula·

386 1940 523 2014 tionum
558 1940 682 2033 nescia,
720 1944 802 2017 crim
832 1963 975 2041 propter
1005 1940 1252 2030 discumberet,
1294 1963 1364 2013 non

388 2063 489 2134 vultu
514 2082 574 2135 aut
598 2062 755 2136 sermone
782 2064 887 2153 neeri,
921 2062 1035 2136 nullos
1055 2061 1221 2160 attingere
1249 2059 1363 2144 cibos;

387 2182 502 2253 donec
519 2182 667 2255 advertit
682 2184 861 2271 Tiberius,
879 2180 983 2272 forte,
1006 2206 1050 2253 an
1068 2180 1151 2278 quia
1166 2179 1365 2253 audiverat?

388 2300 497 2396 idque
521 2298 592 2397 qub
610 2302 719 2374 acriiu
743 2302 968 2397 experiretur,
992 2326 1098 2397 poma
1119 2318 1159 2371 ut
1185 2318 1283 2372 erant
1303 2298 1364 2370 ad·

389 2422 495 2516 pofita
524 2421 680 2507 laudans,
707 2420 809 2492 nurui
831 2418 888 2493 sua
916 2446 1022 2493 manu
1048 2418 1203 2491 tradidit.
1252 2418 1368 2490 nutu

388 2564 499 2611 exeo
527 2537 670 2635 suspicio
695 2538 919 2637 Agrippinae,
950 2542 984 2613 δι
1011 2538 1138 2611 intaeta
1163 2561 1238 2627 ore,
1265 2533 1366 2608 servis

388 2658 554 2733 tramisit:
582 2684 645 2733 nec
675 2680 791 2731 tamen
822 2656 958 2731 Tiberii
990 2684 1062 2731 vox
1091 2682 1209 2731 coram
1235 2652 1364 2745 secuta,

388 2776 447 2851 sed
477 2778 642 2851 obversus
676 2780 721 2849 ad
753 2797 913 2870 matrem,
956 2785 983 2819 ‘⁶
1001 2802 1073 2849 non
1104 2776 1270 2864 mirum,'’
1302 2774 1363 2864 ait,

388 2902 458 2971 “fi
487 2897 571 2996 quid
597 2894 743 2969 severius
761 2896 797 2969 in
823 2923 901 2970 eam
922 2896 1099 2986 statuisset,
1124 2922 1146 2969 a
1165 2899 1234 2992 qua
1257 2918 1362 2968 vene·

389 3027 418 3064 “
436 3019 505 3093 ficii
522 3018 806 3091 infimularetur.”
855 3018 941 3090 Inde
959 3041 1089 3105 rumor,
1120 3023 1148 3057 “
1167 3012 1276 3112 parari
1292 3012 1366 3086 exi-
1465 3034 1468 3039 ·

389 3148 418 3183 “
437 3139 543 3213 tium:
571 3162 685 3234 neque
702 3136 739 3207 id
756 3138 1005 3232 Imperatorem
1024 3137 1138 3233 palam
1155 3134 1295 3224 audere,
1317 3130 1366 3205 se·

391 3266 420 3302 “
438 3281 574 3333 cretum
598 3257 643 3329 ad
669 3257 940 3352 perpetrandum
964 3253 1109 3351 quaeri.'’

437 3380 517 3451 LV.
544 3378 619 3447 Suu
638 3376 796 3465 CAEsnn,
814 3374 886 3472 qub
907 3372 1037 3447 famam
1053 3393 1238 3464 averteret,
1255 3374 1368 3446 adeffe

390 3498 550 3594 frequens
583 3493 725 3583 senatui,
773 3491 972 3592 legatosque
1003 3497 1107 3585 Asrae,
1153 3492 1372 3591 ambigentes

391 3628 419 3662 ‘⁶
439 3642 589 3715 quanam
607 3614 642 3687 in
655 3614 791 3687 civitate
808 3614 979 3711 templum
1001 3613 1237 3702 statueretur,”
1254 3614 1369 3708 plures

391 3766 451 3840 per
474 3738 548 3811 dies
565 3736 707 3809 audivit.
757 3733 938 3807 Undecim
957 3735 1057 3807 urbes
1079 3735 1267 3821 certabant,
1295 3731 1368 3828 pari

389 3858 592 3945 ambitione,
618 3854 749 3927 viribus
772 3854 934 3927 diversae:
962 3878 1076 3951 neque
1100 3853 1252 3926 multum
1277 3851 1369 3925 inter

388 3980 422 4055 se
438 3976 597 4055 distantia
625 3976 881 4066 memorabant,
909 3972 1006 4047 “de
1035 3972 1200 4048 vetustate
1218 3970 1367 4072 generis,
