3259 5284
463 586 760 656 Auurtrurr
787 572 897 651 Lru.
923 572 985 649 ΙΙΙ.
1161 600 1222 672 191

256 753 421 855 Principe
448 756 612 855 Augusto
644 752 840 841 constitura,
878 750 955 824 satis
987 749 1224 839 ostendebant,

258 904 409 951 annuam
434 876 623 952 absentiam
649 878 683 947 δι
712 870 969 971 provinciarum
986 868 1226 943 administrati-

258 1023 364 1071 onem
379 996 539 1071 Dialibus
555 1021 628 1068 non
644 992 811 1066 concedi:
840 992 1168 1087 memorabaturque
1181 992 1227 1063 L.

258 1115 411 1206 Metelli,
439 1114 612 1211 pontificis
632 1111 793 1203 maximi,
819 1111 1037 1206 exemplum,
1063 1108 1125 1206 qui
1153 1114 1228 1184 Au·

256 1238 332 1309 lum
356 1234 591 1323 Postumium,
617 1232 812 1319 flaminem,
838 1230 1032 1305 attinuisset.
1081 1230 1134 1301 Ita
1159 1226 1229 1301 sors

257 1358 348 1430 Afiae
364 1354 401 1427 in
417 1380 513 1445 eum,
531 1353 594 1451 qui
612 1350 844 1425 consularium
860 1348 1093 1449 Maluginenfi
1110 1346 1228 1445 proxi·

257 1502 335 1549 mus
351 1495 436 1563 erat,
463 1475 611 1547 conlata.

305 1594 459 1667 LXXII.
484 1595 623 1666 lrsuuu
640 1592 763 1665 diebus
783 1588 943 1687 lepidus
964 1590 1009 1663 ab
1024 1584 1141 1663 senatu
1167 1610 1226 1687 pe·

259 1713 354 1803 tivit,
383 1720 468 1785 “ut
493 1712 668 1785 bafilicam
699 1710 825 1800 Paulli,
851 1708 996 1785 AEmilia
1029 1707 1226 1791 monimen·

256 1839 283 1874 ‘⁴
300 1851 349 1921 ta,
367 1830 506 1927 proprial
528 1832 673 1927 pecunih
694 1833 845 1903 firmaret
857 1829 1099 1926 ornaretque.''
1142 1830 1227 1903 Erat

257 1950 456 2022 etiamtum
473 1948 511 2023 in
522 1974 619 2023 more
637 1949 778 2045 publica
789 1948 1047 2021 munificentia:
1073 1952 1226 2021 necAu-

257 2068 375 2165 gustus
406 2088 564 2165 arguerat
591 2062 764 2157 Taurum,
802 2068 1021 2165 Philippum,
1062 2066 1224 2157 Balbum,

254 2185 391 2261 hostiles
418 2185 578 2277 exuvias,
603 2206 663 2261 aut
690 2189 907 2260 enmdantes
938 2212 1037 2284 opes,
1063 2205 1226 2261 ornatum

253 2306 299 2378 ad
315 2304 438 2395 Urbis,
464 2310 498 2379 br
513 2306 690 2403 pollerhm
703 2306 853 2405 gloriam
866 2303 1040 2381 conferre:
1067 2331 1139 2403 quo
1147 2326 1226 2381 tum

253 2425 418 2521 exemplo
433 2426 606 2522 lepidus,
633 2452 849 2524 quamquam
873 2426 1026 2524 pecuniae
1053 2425 1225 2515 modicus,

252 2542 389 2617 avitum
409 2545 515 2617 decus
532 2546 687 2619 recoluit.
738 2552 789 2621 At
805 2545 967 2643 Pompeii
980 2547 1153 2619 theatrum
1171 2546 1224 2641 ig·
1295 2546 1299 2556 ’

253 2689 298 2735 ue
313 2661 456 2735 fortuito
473 2664 649 2753 haustum,
674 2664 788 2737 Caesar
810 2664 1064 2737 exstrueturum
1090 2664 1223 2760 pollici·

250 2801 306 2853 tus
322 2782 386 2871 est,
415 2788 444 2824 “
463 2777 505 2853 eb
534 2780 632 2879 quod
657 2808 806 2855 nemoe
839 2780 969 2855 familia
998 2782 1222 2855 restaurando

252 2906 281 2942 “
298 2899 477 2990 sufficeret,
519 2920 682 2973 manente
708 2921 826 2974 tamen
855 2900 997 2973 nomine
1024 2899 1223 2995 Pompeii.”

249 3018 361 3093 Simul
389 3019 550 3093 laudibus
576 3017 738 3116 Sejanum
759 3020 897 3110 extulit,
926 3027 1150 3115 “tamquam
1171 3019 1221 3091 la·

250 3148 278 3184 ‘⁴
299 3142 382 3213 bore
411 3137 660 3237 vigilantiaque
690 3137 763 3233 ejus
783 3158 880 3211 tanta
915 3137 968 3209 vis
996 3164 1108 3211 unum
1130 3138 1222 3213 intra
1274 3166 1277 3175 ’

251 3266 279 3303 “
296 3260 468 3331 damnum
480 3258 669 3343 stetisset;''
694 3256 902 3331 &censuere
926 3278 1039 3354 patres
1064 3263 1091 3300 “
1109 3257 1221 3355 effigi·

251 3385 279 3423 “
296 3404 354 3452 em
374 3376 509 3476 Sejano,
523 3402 602 3474 quae
613 3377 707 3473 apud
724 3378 899 3451 theatrum
916 3376 1077 3473 Pompeii
1090 3379 1220 3452 locare·

248 3504 277 3541 “
302 3498 396 3571 tur.”
437 3498 564 3594 Neque
581 3492 695 3568 multo
718 3494 795 3592 post
811 3494 936 3587 Caesar,
955 3496 1038 3571 cum
1055 3498 1204 3592 Junium

245 3615 406 3706 Blaesum,
428 3614 669 3713 proconsulem
686 3613 831 3707 Africae,
844 3616 1014 3713 triumphi
1028 3615 1220 3715 insignibus

247 3736 429 3825 attolleret,
457 3741 485 3778 “
502 3736 585 3807 date
613 3734 651 3807 id
676 3734 734 3808 se’'
755 3736 845 3813 dixit
870 3744 898 3781 “
916 3734 1041 3813 honori
1066 3735 1219 3836 Sejani,’'

245 3850 343 3951 cujus
359 3852 418 3925 ille
438 3855 630 3929 avunculus
645 3874 729 3930 erat.
