3259 5284
546 568 851 644 nnuman
885 571 998 643 [ΑΒ.
1032 571 1077 642 ΙΙ.
1228 584 1294 666 125

325 738 479 814 Tiberio.
526 742 654 837 Neque
675 741 785 814 multi>
801 741 879 838 post
894 739 1136 838 exstinguitur,
1163 735 1296 833 ingenti

326 860 422 932 luctu
450 858 636 956 provinciae
665 865 698 932 dt
728 858 1044 957 circumjacentium
1073 859 1295 954 populorum.

324 979 507 1051 Indoluere
527 997 651 1050 extera
671 977 827 1050 nationes
844 977 1009 1076 regesque
1023 1007 1033 1063 ;
1060 996 1153 1049 tanta
1169 975 1218 1046 illi
1235 1001 1293 1047 co-

323 1097 423 1169 mitas
439 1097 475 1169 in
490 1096 612 1186 socios,
642 1094 868 1169 mansuetudo
884 1096 920 1169 in
935 1095 1071 1180 hostes3
1099 1092 1244 1190 visuque
1261 1098 1295 1166 St

323 1214 444 1287 auditu
466 1213 569 1311 juxta
593 1214 811 1305 venerabilis,
846 1216 929 1288 cirm
952 1213 1231 1311 magnitudinem
1259 1217 1294 1286 δι

324 1334 526 1431 gravitatem
544 1333 691 1408 summae
703 1335 848 1407 fortunae
869 1333 1040 1421 retineret,
1070 1330 1239 1405 invidiam
1259 1315 1300 1406 ὅτΙ

322 1453 563 1550 adrogantiam
579 1455 758 1550 effugerat.

370 1573 543 1644 LXXIII.
560 1574 590 1644 F
592 1596 693 1643 uuus
711 1574 780 1642 fine
796 1569 1005 1666 imaginibus
1019 1572 1052 1640 δε
1065 1569 1207 1664 pompa,
1233 1593 1294 1664 per

322 1690 465 1778 laudes,·
483 1694 516 1761 dt
544 1689 750 1762 memoriam
775 1688 941 1760 viruttum
966 1685 1035 1784 ejus
1058 1689 1192 1760 celebre
1215 1683 1290 1758 fuit.

323 1811 371 1880 Et
394 1827 490 1881 erant
511 1807 571 1904 qui
594 1808 759 1897 formam,
784 1825 934 1896 aetatem,
961 1831 1069 1902 genus
1086 1804 1219 1894 mortis,
1245 1807 1293 1878 ob

323 1926 617 2022 propinquitatem
636 1927 740 1999 etiam
760 1928 932 2015 locorum,
957 1924 993 1996 in
1011 1922 1136 2021 quibus
1152 1923 1308 2015 interiit,·

322 2044 451 2141 Magni
479 2044 674 2117 Alexandri
701 2043 778 2116 fatis
804 2045 1034 2141 adaquarent.
1085 2043 1227 2115 “Nam
1250 2071 1291 2116 u-

322 2167 351 2202 “
368 2180 530 2258 trumque
554 2187 699 2259 corpore
714 2164 856 2253 decoro,
884 2186 1010 2260 genere
1031 2160 1170 2258 insigni,
1195 2163 1291 2236 haud

322 2285 351 2321 “
370 2280 519 2353 multum
532 2280 669 2378 triginta
680 2307 788 2354 annos
800 2283 985 2378 egreffum,
1010 2276 1147 2352 suorum
1163 2280 1290 2354 insrdiis

323 2403 352 2439 “
369 2417 526 2471 externas
542 2399 629 2472 inter
646 2421 764 2497 gentes
780 2399 965 2472 occidiffe:
990 2396 1048 2471 sed
1059 2401 1154 2472 hunc
1167 2399 1289 2473 mitem

322 2521 350 2557 “
368 2541 449 2612 erga
464 2517 607 2608 amicos,
634 2519 813 2592 modicum
831 2519 1063 2614 voluptatum,
1089 2519 1288 2592 unomatri-

322 2619 350 2676 (ί
368 2633 500 2723 monio,
519 2636 617 2708 certis
627 2635 742 2709 liberis
752 2636 875 2733 egisse:
896 2661 1009 2731 neque
1021 2635 1136 2709 mimis
1149 2639 1288 2732 proelia·

310 2757 351 2793 '“
367 2770 491 2842 torem,
502 2752 604 2824 etiam
617 2756 640 2824 fi
651 2753 822 2824 temeritas
840 2752 1001 2842 abfuerit,
1016 2754 1289 2852 praepeditusque

322 2874 350 2910 “
369 2873 407 2941 fit
426 2868 592 2964 perculsas
607 2889 659 2942 tot
674 2869 823 2941 victoriis
841 2871 1043 2942 Germanias
1059 2863 1194 2944 servitio
1211 2899 1287 2969 pre-

322 2989 350 3027 “
369 3011 474 3058 mere.
518 2985 625 3084 Quid
638 2991 660 3059 fi
673 2986 761 3060 solus
775 2987 902 3060 arbiter
915 3013 1043 3078 rerum,
1063 2987 1286 3085 fijure&no-

321 3111 349 3146 “
365 3103 568 3204 mineregio
580 3105 703 3195 fuiffet,
729 3106 825 3177 tanto
836 3107 1033 3203 promptius
1046 3106 1286 3182 adsecuturum

319 3229 348 3266 “
365 3223 511 3320 gloriam
528 3223 672 3315 militia,
698 3226 868 3322 quantirm
879 3225 1073 3316 clementia,
1091 3247 1284 3323 temperan-

319 3348 347 3385 “
365 3342 424 3433 tid,
436 3342 555 3416 ceteris
566 3342 665 3415 bonis
675 3343 806 3416 artibus
823 3344 1064 3440 praestitiss'et.''
1075 3345 1211 3442 Corpus
1223 3373 1283 3419 an-

318 3480 459 3557 tequam
475 3480 695 3551 cremaretur,
720 3465 891 3535 nudatum
909 3463 944 3535 in
962 3462 1037 3536 foro
1054 3463 1282 3540 Antiochien·

317 3580 417 3667 sium,
443 3579 503 3674 qui
531 3582 627 3653 locus
655 3580 834 3677 sepulturae
851 3581 1092 3654 destinabatur.
1119 3586 1281 3658 Praetule-

317 3693 403 3765 ritne
415 3697 570 3770 veneficii
582 3701 688 3795 signa,
715 3701 839 3795 pariam
855 3699 1027 3774 constitit:
1054 3727 1135 3775 nam
1150 3721 1189 3775 ut
1205 3705 1282 3800 quis

316 3809 586 3889 misericordiam
600 3817 861 3908 Germanicum,
881 3822 914 3893 δι
927 3818 1134 3918 praesumpta
1146 3819 1279 3918 suspici·
