3259 5284
465 571 772 640 Auuaatuu
805 565 915 640 Lra.
939 561 1001 634 IV.
1173 588 1238 637 201

272 745 340 818 tior
364 742 435 835 via,
462 746 496 814 δι
522 738 678 813 aDruso
701 738 865 835 incipere,
901 737 950 835 vin
985 760 1090 833 quem
1125 762 1243 812 tecen-

272 863 301 935 ti
340 862 390 934 ira
422 857 604 934 serebatur.
670 861 767 931 Nam
807 855 938 931 Drusus
972 856 1154 955 impatiens
1196 886 1243 933 ae·

274 981 376 1067 muli,
403 985 437 1053 δι
456 978 574 1051 animo
591 978 813 1068 commotior,
841 998 916 1051 orto
944 975 1031 1050 sorte
1051 975 1173 1075 jurgio
1190 978 1245 1051 in-

275 1101 433 1173 tenderat
448 1097 567 1197 Sejano
580 1124 716 1187 manus,
744 1102 778 1171 &
792 1097 913 1170 contri
929 1096 1100 1170 tendentis
1117 1122 1157 1169 os
1168 1124 1246 1171 ver-

274 1223 463 1294 beraverat.
514 1218 624 1315 Igitur
639 1220 767 1292 consta
790 1216 936 1289 tentanti
954 1215 1247 1313 promptissimum

274 1339 401 1431 visum,
427 1340 473 1412 ad
487 1363 635 1411 uxorem
658 1335 731 1434 ejus
752 1336 893 1410 Liviam
915 1354 1141 1421 convertere:
1169 1363 1246 1434 quae

274 1458 368 1532 soror
396 1457 611 1550 Germanici,
640 1456 759 1530 form'ae
788 1456 889 1529 initio
922 1454 1030 1528 aetatis
1058 1453 1244 1547 indecorae,

275 1603 362 1652 mox
379 1578 638 1673 pulchritudine
654 1577 883 1673 praecellebat.
934 1578 1056 1663 Hanc,
1073 1592 1112 1647 ut
1129 1600 1248 1648 amore

273 1695 444 1786 incensus,
481 1682 652 1770 adulterio
679 1694 843 1791 pellexit:
872 1699 904 1767 δι
932 1694 1118 1792 postquam
1143 1694 1247 1791 primi

274 1814 398 1912 flagitii
425 1815 555 1911 potitus
577 1814 641 1903 est,
669 1816 802 1910 (neque
831 1812 972 1902 semina,
999 1812 1118 1891 amisstl
1143 1813 1246 1912 pudi-

275 1933 368 2024 citirl,
391 1934 457 2006 alia
473 1932 650 2027 abnuerit)
669 1934 714 2005 ad
730 1930 882 2032 conjugii
898 1931 1009 2029 spem,
1036 1930 1247 2009 consortium

275 2052 390 2151 regni,
418 2058 452 2127 a
469 2078 592 2125 necem
610 2052 724 2126 mariti
751 2052 904 2149 impulit.
955 2057 1075 2149 Atque
1092 2050 1163 2143 illa,
1190 2053 1248 2127 cui

274 2174 466 2246 avunculus
479 2172 673 2271 Augustus,
699 2170 794 2245 socer
817 2170 993 2262 Tiberius,
1019 2196 1065 2244 ex
1080 2170 1192 2246 Druso
1207 2172 1248 2245 li·

275 2291 364 2381 beri,
390 2291 494 2389 seque
509 2318 550 2365 ac
574 2291 722 2390 majores
738 2297 772 2365 a
797 2290 952 2388 posteros
977 2290 1182 2388 municipali
1211 2319 1248 2367 a·

273 2412 411 2484 dultero
430 2408 609 2498 foedabat3
635 2431 675 2485 ut
694 2437 758 2508 pro
781 2410 983 2483 honestis&
1008 2410 1246 2506 presentibus,

270 2531 446 2631 'flagitiosa
469 2538 502 2606 bt
522 2532 652 2605 incerta
664 2530 886 2629 exspectaret.
936 2530 1088 2603 Sumitur
1109 2530 1145 2602 in
1162 2558 1247 2605 con-

273 2651 451 2725 scientiam
480 2651 676 2738 Eudemus,
703 2649 835 2722 amicus
863 2674 904 2721 ac
933 2648 1089 2723 medicus
1116 2650 1245 2743 Livia,

274 2769 385 2867 specie
412 2768 491 2842 artis
517 2766 679 2865 frequens
701 2766 860 2841 secretis:
888 2767 986 2865 pellit
1019 2770 1128 2849 domo
1156 2768 1247 2869 Seja-

274 2914 339 2962 nus
354 2912 505 2960 uxorem
522 2886 722 2983 Apicatam,
749 2912 794 2959 ex
821 2890 889 2984 qual
905 2906 973 2959 tres
991 2886 1115 2959 liberos
1139 2914 1248 2985 genu·

271 3024 357 3097 erat,
382 3032 427 3080 ne
450 3005 565 3103 pellici
580 3004 835 3102 suspestaretur.
885 3006 953 3079 Sed
973 3004 1179 3103 magnitudo
1196 3006 1247 3081 fa,-

272 3126 397 3201 cinoris
413 3146 561 3217 metum,
580 3124 803 3223 prolationes,
821 3124 954 3197 diversa
969 3124 1144 3199 interdum
1162 3154 1247 3207 con.

271 3247 342 3321 srlia
357 3242 547 3321 adferebat.

319 3370 383 3441 IV.
409 3368 592 3439 Iun-amnt
625 3364 708 3437 anni
739 3364 923 3463 principio,
949 3362 1080 3439 Drusus
1096 3392 1140 3439 ex
1158 3370 1246 3442 Ger-

272 3485 403 3561 manici
433 3482 551 3558 liberis
579 3504 701 3582 togam
730 3483 870 3557 virilem
894 3482 1058 3580 sutnpsrt3
1098 3511 1248 3586 quaeque

272 3605 366 3679 fratri
393 3602 465 3701 ejus
495 3603 629 3701 Neroni
662 3604 864 3677 decreverat
900 3601 1046 3695 senatus,
1081 3607 1245 3701 repetita:

270 3722 407 3796 addidit
430 3722 622 3797 orationem
644 3722 771 3813 Caesar,
808 3724 918 3796 multi
944 3748 1026 3797 cum
1055 3724 1158 3797 laude
1184 3726 1248 3801 filii

273 3840 338 3932 sui,
367 3848 396 3883 “
409 3839 506 3938 qudd
523 3841 632 3938 patris
655 3842 900 3916 benevolentias
915 3840 953 3915 in
976 3842 1085 3916 fratris
1124 3842 1248 3921 liberos

273 3969 305 4057 ί(
323 3959 449 4037 soret.’'
492 3963 592 4050 Nam
607 3960 742 4043 Drusus
762 3964 1000 4061 (quamquam
1016 3963 1168 4049 arduum
1194 3966 1247 4059 fit,
