3259 5284
461 528 756 621 Anunarum
797 525 906 597 Lru.
940 524 986 596 V.
1145 530 1215 623 269

240 700 361 793 noscit,
385 697 537 774 solertius
564 700 826 798 interrogatum,
857 698 1060 796 “quisnam
1088 698 1215 793 foret,'’

242 822 378 910 dixisse,
408 826 435 865 “
454 822 512 893 M.
539 819 653 892 Silano
683 819 880 917 genitum,'’
910 822 944 891 δι
973 819 1090 891 multis
1114 818 1216 893 secta-

241 959 359 1012 torum
385 938 536 1036 dilapfis,
570 937 752 1011 ascendisse
778 962 918 1025 navem,
944 955 1123 1035 tamquam
1148 940 1217 1013 Ita·

243 1058 327 1131 liam
360 1076 511 1154 peteret:
553 1054 748 1153 scripsitque
781 1058 856 1129 haec
887 1056 1058 1129 Tiberio:
1102 1083 1218 1156 neque

244 1204 307 1253 nos
331 1176 504 1275 originem
521 1178 673 1248 finemve
690 1172 762 1271 ejus
777 1173 828 1247 rei
849 1176 941 1247 ultra
958 1177 1205 1273 comperimus.

292 1298 357 1370 XI.
384 1298 515 1369 Exrru
541 1293 636 1384 anni,
656 1294 720 1367 diu
736 1296 837 1367 auda
852 1292 1021 1367 discordia
1037 1294 1216 1369 consulum

191 1436 193 1442 ·
245 1414 378 1512 erupit:
405 1439 487 1487 nam
514 1412 616 1503 Trio,
642 1411 752 1485 facilis
779 1413 991 1509 capessendis
1015 1412 1216 1505 inimicitiis,

247 1540 281 1607 δι
299 1533 375 1607 foro
397 1531 580 1621 exercitus,
608 1537 692 1603 “ut
714 1530 854 1629 segnem
876 1532 1058 1629 Regulum
1082 1534 1126 1606 ad
1151 1560 1217 1632 op·
1324 1536 1328 1543 '

222 1662 275 1699 ““
294 1652 493 1751 primendos
509 1648 620 1745 Sejani
645 1648 841 1721 ministros'’
865 1650 1008 1749 oblique
1031 1652 1217 1749 perstrinx-

246 1778 275 1814 “
292 1790 381 1843 erat:
409 1768 480 1859 ille,
509 1768 569 1840 nisr
597 1768 821 1855 lacesseretur,
850 1767 1026 1841 modestia
1054 1770 1216 1864 retinens,

246 1915 316 1963 non
333 1887 440 1960 modo
456 1885 581 1959 retudit
599 1887 783 1982 collegam,
801 1882 858 1958 sed
877 1891 904 1928 “
920 1906 959 1957 ut
970 1886 1116 1961 noxium
1132 1916 1215 1964 con-

247 2013 275 2051 “
286 2004 492 2105 jurationis”
514 2006 560 2077 ad
574 2002 843 2103 disquisitionem
859 2005 1026 2077 trahebat.
1075 2008 1215 2083 Multis·

248 2154 317 2227 que
335 2143 472 2221 patrum
489 2122 677 2213 orantibus,
709 2130 737 2165 “
755 2142 925 2220 ponerent
943 2123 1024 2196 odia
1049 2123 1086 2196 in
1102 2129 1215 2223 perni-

248 2254 277 2291 “
295 2245 384 2321 ciem
400 2231 524 2330 itura‚''
549 2242 706 2313 mansdre
722 2240 842 2315 insenfi
857 2266 898 2316 ac
914 2241 1123 2337 minitantes,
1151 2249 1214 2322 do·

244 2391 309 2443 nec
333 2361 528 2462 magistratu
550 2358 693 2433 abirent.
863 2352 866 2357 ¹
