3259 5284
541 609 1072 686 Anunuroqun.III.
1223 610 1284 681 181

321 794 349 831 “
369 792 403 860 dr
421 788 560 876 arcus,''
585 786 720 881 aliaque
741 783 836 856 solita
859 784 1043 857 censerent.
1093 780 1167 854 Nis1
1192 779 1289 877 qubd

320 911 377 980 M.
394 907 526 980 Silanus
555 931 600 976 ex
634 904 843 977 contumelifi
877 903 1083 990 consulatlrs,
1121 902 1290 973 honorem
1393 920 1395 927 “

321 1025 541 1122 Principibus
564 1022 708 1121 petivit:
736 1022 898 1118 dixitque
922 1046 985 1117 pro
1001 1018 1177 1107 sententia,
1205 1025 1232 1060 “
1251 1035 1291 1089 ut

324 1153 352 1191 “
371 1144 519 1241 publicis
537 1141 745 1241 privatisque
761 1139 998 1229 monimentis,
1023 1140 1068 1211 ad
1085 1134 1290 1213 memoriam

324 1272 353 1308 “
371 1285 582 1360 temporum,
618 1288 690 1335 non
715 1261 894 1334 consulum
923 1257 1065 1331 nomina
1093 1254 1289 1354 praescribe-

324 1390 352 1428 ‘⁴
371 1404 501 1472 rentur,
526 1382 585 1455 sed
609 1407 745 1472 eorum,
772 1380 833 1477 qui
850 1377 1068 1455 tribuniciam
1087 1372 1291 1472 potestatem

324 1508 352 1547 “
372 1503 563 1598 gererent.''
613 1508 663 1573 At
689 1504 746 1597 Q
764 1498 943 1587 Haterius,
970 1496 1052 1569 cirm
1078 1490 1193 1589 “ejus
1222 1490 1293 1563 diei

325 1628 353 1664 “
370 1618 654 1692 senatusconsulta
680 1618 791 1691 aureis
812 1617 915 1690 literis
941 1615 1082 1713 figenda
1109 1612 1146 1683 in
1174 1610 1292 1697 curiis'

325 1737 514 1826 censuisset,
532 1738 725 1810 deridiculo
741 1735 822 1826 suit,
845 1734 948 1809 senex
965 1732 1156 1808 foediffimae
1174 1730 1292 1805 adula-

325 1856 428 1929 tionis
440 1858 575 1928 tantiim
597 1854 740 1930 infamia
755 1855 884 1929 usurus.

375 1975 507 2046 LVIII.
533 1976 656 2047 Iurun
680 2000 790 2070 aquae,
828 1973 1006 2070 provincial
1036 1970 1155 2045 Africa
1187 1968 1295 2065 Junio

327 2091 433 2165 Blaeso
451 2096 650 2190 prorogati,
668 2092 804 2165 Servius
820 2092 1072 2191 Maluginensis
1088 2095 1214 2165 flamen
1230 2088 1295 2161 Di-

327 2212 402 2301 alis,
427 2231 467 2283 ut
502 2216 618 2285 Afiam
637 2211 725 2285 sorte
748 2213 896 2285 haberet
930 2210 1138 2308 postulavit;
1176 2205 1298 2280 frustra

326 2332 511 2429 vulgatum
539 2330 699 2403 didiitans
726 2338 843 2404 “non
871 2330 974 2404 licere
997 2329 1156 2402 Dialibus
1177 2326 1297 2425 egredi

330 2458 358 2494 “
375 2451 494 2524 Italis:
522 2476 635 2548 neque
655 2450 752 2523 aliud
773 2448 961 2547 jussuum,
989 2450 1098 2545 quam
1125 2447 1298 2523 Martiali-

330 2576 358 2613 “
377 2570 453 2658 uni,
490 2568 793 2666 Qirinaliumque
828 2568 1036 2643 flaminum:
1076 2592 1179 2663 porro
1210 2570 1232 2639 fi
1261 2565 1299 2637 hi

331 2687 552 2759 “duxissent
569 2687 774 2783 provincias,
801 2712 864 2759 cur
885 2685 1045 2758 Dialibus
1067 2668 1104 2759 id
1121 2686 1296 2761 vetitum?

331 2811 359 2847 “
377 2807 474 2877 nulla
488 2806 533 2877 de
549 2830 592 2878 eo
616 2803 738 2901 populi
760 2803 855 2894 scita,
881 2830 953 2877 non
970 2804 1006 2875 in
1029 2804 1123 2878 libris
1145 2802 1300 2877 caerimo-

331 2931 359 2966 “
377 2923 512 2997 uiarum
529 2923 676 3019 reperiri.
725 2924 824 3019 Saepe
854 2922 1036 3019 pontifices
1064 2920 1179 2994 Dialia
1210 2921 1301 2993 sacra

255 3027 258 3034 ’
332 3048 358 3085 “
377 3041 505 3132 fecisse,
525 3045 547 3115 sr
565 3046 693 3115 flamen
710 3042 921 3132 valetudine,
949 3061 1007 3115 aut
1024 3066 1166 3113 munere
1184 3038 1300 3136 publi-

333 3168 361 3204 “
379 3187 435 3250 c0,
461 3160 697 3257 impediretur.
746 3162 814 3235 Sex
838 3159 1101 3259 &septuaginta
1117 3158 1213 3231 annis
1228 3158 1304 3254 post

332 3286 361 3338 ›“
378 3279 529 3352 Cornelii
553 3282 703 3357 Memlae
721 3281 867 3370 caedem,
894 3280 1070 3355 neminem
1094 3279 1301 3362 suffedtum3

332 3405 361 3440 “
380 3424 494 3495 neque
510 3420 626 3472 tamen
643 3397 815 3472 cessavisse
832 3399 1028 3499 religiones.
1078 3396 1186 3497 Qrbd
1204 3400 1227 3469 fi
1245 3422 1306 3492 per

331 3525 362 3580 .“
382 3539 432 3591 tot
449 3546 557 3592 annos
568 3522 666 3615 possit
679 3546 751 3591 non
769 3519 889 3609 creari,
907 3521 1003 3593 nullo
1018 3518 1192 3593 sacrorum
1204 3518 1305 3591 dam-

332 3645 361 3680 “
378 3664 447 3723 no;
476 3638 608 3734 quanti)
635 3636 767 3711 facilius
794 3639 1010 3729 abfuturum,
1032 3639 1076 3710 ad
1100 3638 1198 3711 unius
1225 3636 1306 3717 anni

335 3762 362 3798 “
381 3757 621 3851 proconsulare
638 3758 853 3854 imperium?
905 3757 1053 3831 Privatis
1079 3758 1164 3829 olim
1193 3758 1308 3829 simul*
1348 3774 1351 3781 '

334 3880 363 3915 “
380 3874 509 3947 tatibus
532 3878 709 3968 effessum,
735 3897 810 3950 uta
836 3877 1063 3974 pontificibus
1080 3875 1243 3950 maximis
1259 3874 1309 3946 ire

335 3999 364 4044 I‘
382 3992 418 4065 in
437 3994 632 4090 provincias
662 3996 950 4093 prohiberentur:
978 4024 1071 4075 nunc
1098 3996 1206 4073 deum
1232 4018 1309 4071 mu-

757 4116 833 4213 Ns
