3259 5284
1149 623 1240 678 mn

259 767 298 866 J.
316 767 498 844 Gronorio
522 763 662 868 aliisque
688 791 841 842 errorem
856 782 999 857 errent,
1012 787 1078 840 nec
1100 787 1239 864 putent,

259 889 467 966 Beroaldutn
494 888 598 962 etiam
627 887 779 988 reliquos
802 887 918 962 Taciti
941 888 1047 968 libros
1075 892 1171 962 Ann.
1205 892 1240 964 dt

264 1009 497 1086 Historiarum
514 1011 626 1084 eMS.
643 1008 859 1098 Florentino,
876 1005 1150 1106 Langobardico
1164 1007 1240 1098 illo,

264 1128 429 1202 edidiffe:
467 1129 566 1226 quod
593 1127 802 1203 falfiffimunr
831 1127 912 1219 effe,
942 1153 1000 1202 me
1028 1151 1081 1202 res
1108 1127 1240 1203 docuit.

263 1245 340 1344 Ipsa
356 1245 632 1344 praefatiuncula,
655 1247 691 1320 δι
716 1247 909 1322 admonitio
925 1246 972 1323 de
987 1244 1123 1320 mendis
1138 1265 1240 1344 typo-

265 1365 454 1465 graphicis,
484 1367 578 1442 libro
602 1367 725 1466 quinto
752 1365 916 1465 subjosta,
940 1367 1067 1441 docere
1093 1385 1241 1462 poterat,

264 1485 470 1562 Beroaldunr
483 1485 640 1585 quinque
655 1486 733 1562 illos
748 1488 852 1560 libros
867 1505 1005 1561 tantum
1020 1510 1042 1558 e
1056 1487 1136 1558 MS.
1153 1488 1241 1560 Cor·

264 1604 391 1680 beieofi
408 1605 560 1680 edidiffe.
609 1609 707 1680 Nam
723 1607 809 1681 alter
825 1606 884 1680 ille
906 1606 1048 1695 Codex,
1070 1603 1243 1680 incertum

264 1724 331 1814 est,
356 1749 402 1797 an
417 1743 494 1798 tum
503 1722 579 1822 jam
603 1725 786 1800 Florentiae
801 1724 916 1800 fuerit.
948 1723 984 1798 si
1004 1722 1082 1812 fuit,
1101 1722 1187 1820 quid
1204 1723 1243 1798 id

265 1845 312 1916 ad
338 1845 560 1936 Beroaldum,
587 1845 648 1943 qui
677 1849 805 1919 Romae
835 1847 932 1918 erat?
967 1846 1153 1942 Agebatur
1172 1845 1243 1919 hoc

264 1981 413 2053 tantum,
430 1982 468 2036 ut
479 1963 558 2037 libri
574 1965 732 2038 nondum
750 1963 835 2038 editi
850 1965 1085 2062 vulgarentur.
1119 1965 1243 2062 ltaque

266 2085 301 2156 δι
318 2081 482 2179 exempla
497 2083 702 2174 Beroaldina
713 2082 944 2182 reperiuntur,
969 2082 1005 2155 in
1021 2081 1151 2180 quibus
1166 2103 1244 2158 tan·

264 2219 344 2276 tunt
371 2199 451 2274 libri
476 2201 525 2274 illi
557 2202 705 2299 primic
731 2202 865 2276 Codice
892 2201 1089 2276 Corbeienli
1116 2201 1243 2278 insunt.

265 2319 378 2394 Ceteri
394 2318 499 2417 igitur
515 2322 623 2395 additi
638 2321 714 2395 lunt
738 2347 783 2396 ex
799 2320 951 2395 editione
973 2325 1030 2396 Fr.
1052 2323 1245 2398 Puteolani.

265 2437 374 2536 Cujus
402 2439 450 2512 rei
466 2439 637 2515 indicium
659 2442 717 2515 vel
733 2443 802 2515 hoc
830 2441 895 2532 est,
920 2442 1019 2540 quod
1045 2441 1160 2518 Libro
1176 2446 1242 2518 Xl.

265 2561 446 2657 praepofita
457 2559 504 2634 cst
519 2559 699 2634 Puteolani
715 2559 885 2658 prefatio.
917 2559 1115 2636 Planissime
1126 2583 1245 2638 autem

264 2676 334 2752 hoc
351 2703 409 2754 me
424 2677 546 2752 docuit
562 2696 677 2752 textus
702 2679 856 2754 Romani
881 2679 986 2777 ipsius
1008 2705 1091 2755 cum
1107 2669 1243 2758 Veneto

266 2795 489 2894 comparatio.
515 2797 656 2872 Etenim
668 2797 756 2889 vidi,
769 2800 855 2873 locis
868 2797 1004 2896 oppido
1014 2799 1133 2895 paucis
1142 2800 1243 2877 illum

265 2918 404 2992 abhoc
424 2915 638 3014 discrepare:
666 2917 771 2992 ficubi
793 2916 974 3015 discrepet,
1004 2915 1043 2990 id
1069 2940 1131 2992 aut
1154 2921 1243 2994 vitio

264 3059 459 3132 operarum,
477 3055 535 3108 aut
547 3036 748 3110 correctoris
765 3036 945 3111 sedulitate
956 3035 1101 3127 saelum,
1118 3059 1158 3112 ut
1172 3040 1243 3114 fere

265 3153 392 3228 accidit
413 3153 450 3230 in
468 3154 634 3229 omnibus
649 3155 776 3230 talibus
796 3155 904 3231 libris.
931 3154 1025 3252 (vid.
1054 3182 1135 3254 quae
1156 3183 1243 3233 mox

264 3273 311 3348 de
334 3271 465 3350 Aldina
488 3274 544 3346 ed.
565 3273 746 3370 dicentur)
797 3275 865 3349 Sed
892 3274 1155 3351 Mediolanense
1179 3303 1243 3352 ex·

264 3393 423 3490 emplum
448 3417 520 3466 non
546 3391 713 3483 habuisse,
747 3419 811 3469 nec
840 3393 953 3492 operis
973 3395 1243 3496 exprimendum

264 3511 393 3586 dedisse
423 3513 645 3602 Beroaldum,
675 3537 782 3609 parva
806 3539 858 3587 res
885 3513 1015 3588 indicio
1037 3515 1096 3588 est.
1145 3519 1243 3591 Nam

264 3628 304 3706 in
321 3628 520 3728 prefatione
536 3630 732 3721 Puteolani,
759 3655 866 3729 quam
884 3633 1066 3730 repetitam
1084 3633 1150 3708 effe
1167 3632 1243 3718 dixi

263 3748 300 3822 in
315 3749 467 3826 editione
493 3750 713 3840 Beroaldina,
738 3750 834 3824 idem
860 3775 954 3825 error
968 3777 1153 3849 operarum
1179 3755 1241 3850 est,

266 3867 374 3942 Veteri
397 3895 461 3966 pro
486 3868 598 3944 Veneti
603 3869 904 3967 exprimentium,
932 3871 991 3970 qui
1018 3871 1053 3945 in
1084 3874 1239 3960 Veneta;

267 4011 348 4062 cum
384 3986 420 4060 in
446 3989 699 4064 Mediolanenfi
730 3987 839 4064 Veneti
868 3993 918 4065 fit.
974 3993 1094 4090 ltaque
1123 3991 1251 4084 frustra¹
