3259 5284
450 592 515 683 148
662 587 1239 669 CConrtssrrTxcstr

446 767 590 859 pessimo
606 744 736 863 cuique'
747 767 952 857 obnoxiam,
970 795 1014 842 ne
1030 768 1255 843 contumelias
1272 769 1414 867 quidem

444 883 629 955 adverslrm
657 884 900 981 imperatorem
928 886 1071 960 inficiari
1100 907 1254 985 poterat:
1299 887 1412 963 solum

442 1002 567 1073 veneni
585 1003 714 1076 crimen
743 1002 833 1077 visus
864 1005 914 1077 est
941 1006 1103 1093 diluisse3
1135 1006 1231 1104 quod
1247 1031 1292 1078 ne
1308 1032 1411 1080 accu-

441 1118 565 1194 satores
606 1122 748 1219 quidem
788 1120 864 1195 satis
901 1126 1100 1213 firmabant,
1138 1132 1165 1167 “
1183 1125 1219 1196 in
1246 1124 1412 1199 convivio

446 1244 474 1280 “
491 1242 705 1332 Germanici,
735 1242 817 1315 clun
843 1240 1047 1339 supereum
1074 1240 1152 1315 Piso
1168 1241 1411 1333 discumberet,

446 1364 474 1399 “
492 1356 637 1432 infestos
653 1360 814 1433 manibus
831 1358 901 1456 ejus
918 1359 1038 1434 cibos''
1055 1378 1237 1459 arguentes
1254 1389 1262 1431 :
1283 1361 1415 1459 quippe

443 1476 632 1549 absurdum
656 1478 853 1568 videbatur,
876 1480 964 1551 inter
996 1478 1106 1551 aliena
1137 1478 1283 1569 servitia,
1310 1484 1412 1553 &tot

444 1594 651 1668 adstantium
677 1595 764 1685 visu,
799 1596 873 1694 ipso
901 1596 1110 1671 Germanico
1135 1622 1266 1688 coram,
1288 1598 1323 1671 id
1351 1624 1411 1671 au-

442 1711 541 1785 sum:
568 1716 806 1813 offerebatque
843 1714 1011 1789 familiam
1048 1740 1138 1805 reus,
1173 1719 1207 1789 ἃ
1243 1716 1412 1790 ministros

442 1830 480 1902 in
501 1852 675 1905 tormenta
703 1834 893 1931 flagitabat.
943 1836 1009 1907 Sed
1032 1832 1165 1931 judices
1194 1858 1254 1931 per
1279 1834 1412 1907 diversa

443 1950 680 2047 implacabiles
706 1974 825 2025 erant:
865 1951 975 2027 Caesar
999 1956 1046 2027 ob
1070 1954 1202 2026 bellum
1227 1953 1411 2049 provinciae

442 2067 614 2157 inlatum;
647 2068 792 2160 senatus,
825 2096 1021 2167 numquam
1059 2070 1133 2143 satis
1159 2072 1306 2162 credit0,
1345 2076 1412 2146 fine

441 2186 564 2261 fraude
599 2189 848 2263 Germanicum
877 2190 1062 2263 interiisse:
1104 2192 1167 2284 (a)
1212 2188 1412 2287 scripsissent

442 2309 697 2403 expostulantes
713 2336 722 2380 ε
749 2310 847 2404 quod
863 2309 956 2381 haud
968 2307 1084 2379 minbs
1100 2307 1273 2398 Tiberius,
1303 2309 1412 2405 quam

443 2422 521 2497 Piso
548 2428 710 2499 abuudre.
768 2427 879 2498 Simul
908 2426 1028 2521 populi
1060 2448 1139 2499 ante
1160 2426 1290 2500 curiam
1310 2453 1412 2501 voces

443 2543 684 2634 audiebantur,
726 2551 754 2587 “
769 2572 841 2617 non
876 2564 1122 2640 temperaturos
1166 2545 1341 2635 manibus,
1388 2549 1411 2617 fi

443 2668 473 2749 .“
493 2682 630 2758 patrum
656 2661 836 2735 sententias
860 2665 1010 2737 evasisset
1031 2666 1066 2733 :’'
1098 2663 1295 2762 effigiesque
1317 2664 1411 2737 Piso-

443 2780 497 2853 nis
526 2802 699 2854 traxerant
730 2782 767 2853 in
804 2782 992 2855 Gemonias
1027 2808 1066 2855 ac
1103 2783 1335 2875 devellebant,
1375 2783 1412 2856 ni

438 2898 532 2998 jussu
554 2900 723 2995 Principis
745 2904 908 2997 proteuae
932 2900 1302 2998 repositaequesorent„
1341 2902 1412 2999 lgi-

443 3040 501 3092 tur
516 3019 644 3092 inditus
662 3020 803 3108 lectica,
823 3025 856 3092 δι
879 3046 899 3091 a
927 3020 1066 3092 tribuno
1079 3019 1247 3115 praetoriae
1265 3019 1412 3094 cohortis

443 3140 613 3210 deductus
636 3138 708 3209 est:
744 3137 840 3210 vario
869 3164 1019 3228 rumore,
1055 3136 1168 3211 custos
1204 3137 1330 3229 salutis,
1369 3165 1413 3211 an

444 3256 565 3329 mortis
589 3258 729 3328 exaslor
753 3257 959 3351 sequeretur.
1008 3239 1010 3245 ,

493 3375 574 3445 XV.
602 3376 750 3444 Eanum
775 3374 953 3446 Plancinae
978 3375 1122 3465 invidia,
1145 3373 1253 3473 major
1278 3375 1411 3471 gratias

443 3492 555 3588 eoque
577 3490 784 3587 ambiguum
801 3492 1003 3582 habebatur,
1035 3515 1205 3589 quantum
1227 3492 1348 3566 Caesari
1377 3494 1413 3567 in

443 3636 522 3683 eam
548 3610 675 3682 liceret.
736 3614 855 3708 Atque
883 3607 965 3707 ipsa,
1004 3612 1116 3685 donec
1141 3612 1263 3685 mediae
1298 3610 1413 3685 Pisoni

443 3728 532 3825 spes,
561 3726 729 3801 “sociam
749 3727 783 3801 se
800 3726 1053 3833 cujuscumque
1077 3730 1235 3821 sortunae,
1264 3734 1298 3802 δι
1321 3733 1343 3803 si
1366 3732 1414 3803 ita

447 3856 476 3892 “
494 3846 610 3937 ferret,
641 3848 805 3920 comitem
833 3848 955 3921 exitii'l
974 3847 1224 3945 promittebat.
1283 3852 1336 3923 Ut
1363 3849 1412 3921 se-

445 3968 544 4043 cretis
560 3966 728 4066 Augustae
745 3967 904 4065 precibus
920 3968 1060 4043 veniam
1078 3968 1250 4057 obtinuit;
1280 3968 1412 4067 paulla-
