3259 5284
375 606 422 700 98
578 598 1179 685 C.Connas11TAc1r1

374 773 554 847 Hortensi
578 773 667 847 inter
696 795 848 850 oratores
876 777 973 847 fitam
997 772 1207 871 imaginem,
1241 768 1350 844 modd

375 893 526 990 Augusti
551 893 703 986 intuens,
737 896 783 967 ad
798 896 893 968 hunc
907 894 1056 967 modum
1072 893 1204 991 coepit:
1236 897 1265 934 “
1282 894 1351 965 Pa-

375 1015 403 1053 “
421 1032 486 1083 tres
508 1012 705 1111 conscripti,
732 1017 795 1087 hos
813 1040 962 1113 quorum
979 1038 1166 1087 numerum
1183 1016 1217 1085 &
1235 1012 1349 1110 pueri·

374 1134 403 1171 “
419 1130 504 1203 tiam
530 1131 668 1223 videtis,
697 1160 769 1207 non
785 1135 907 1230 sponte
923 1133 1051 1223 sustuli,
1079 1131 1138 1207 sed
1150 1132 1234 1231 quia
1249 1132 1350 1205 Prin-

374 1254 404 1293 “
420 1274 502 1348 ceps
518 1254 705 1325 monebat:
731 1255 831 1326 fimul
862 1251 1007 1350 majores
1040 1252 1110 1327 mei
1138 1270 1347 1343 meruerant,

374 1372 460 1441 “ut
483 1371 637 1466 posteros
659 1374 848 1447 haberent:
879 1399 961 1446 nam
990 1399 1071 1471 ego,
1097 1373 1158 1471 qui
1190 1397 1263 1445 non
1287 1398 1349 1469 pe-

374 1493 403 1529 “
422 1488 576 1582 cuniam,
595 1518 667 1564 non
688 1493 800 1566 studia
812 1494 949 1591 populi,
971 1519 1085 1595 neque
1097 1492 1348 1591 eloquentiam,

372 1610 550 1706 “gentile
578 1614 704 1684 domtls
731 1614 852 1687 nostrae
882 1618 1030 1703 bonum,
1061 1613 1225 1686 varietate
1258 1634 1346 1687 tem-

372 1736 402 1771 “
419 1755 546 1826 porum
563 1731 717 1829 accipere
742 1734 799 1807 vel
829 1759 949 1831 parare
967 1733 1166 1831 potuissem,
1191 1731 1268 1807 satis
1285 1735 1347 1805 ha·

372 1854 401 1892 “
419 1851 562 1942 bebam‚
582 1856 605 1924 fi
622 1872 743 1925 tenues
757 1878 810 1927 res
829 1880 915 1928 meae
932 1880 996 1927 nec
1013 1852 1101 1926 mihi
1120 1850 1260 1950 pudori,
1282 1874 1351 1924 nec

372 1974 402 2010 “
421 1970 585 2065 cuiquam
608 1971 706 2044 oneri
736 1971 873 2046 forent:
901 1973 1011 2070 jussus
1048 1974 1094 2045 ab
1125 1970 1347 2067 imperatore,

371 2094 400 2131 “
418 2115 567 2163 uxorem
583 2091 681 2164 duxi.
733 2094 789 2164 En
813 2093 911 2190 stirps
937 2098 970 2167 ὅτ
997 2091 1179 2190 progenies
1196 2109 1247 2163 tot
1263 2115 1347 2163 con-

372 2214 400 2251 “
417 2205 544 2297 sulum,
571 2229 624 2282 tot
650 2210 885 2284 dislatornm:
913 2238 978 2285 nec
1006 2212 1051 2283 ad
1077 2209 1247 2282 invidiam
1272 2209 1345 2299 ista,

371 2332 399 2369 “
417 2327 475 2399 sed
497 2328 723 2402 conciliandae
741 2328 980 2403 misericordiae
997 2330 1131 2403 resero:
1156 2328 1347 2425 adsequen-

371 2452 400 2489 “
416 2466 487 2536 tur,
513 2450 659 2519 florente
676 2468 723 2538 te,
751 2447 877 2538 Caesar,
906 2474 993 2547 quos
1020 2446 1156 2525 dederis
1177 2450 1327 2521 honores
1334 2476 1346 2533 ;

371 2565 552 2639 “interim
574 2571 631 2665 Q
645 2568 825 2641 Hortensri
849 2586 1069 2666 pronepotes,
1099 2566 1172 2639 divi
1197 2566 1349 2665 Augusti

372 2692 400 2727 “
417 2687 592 2775 alumnos,
613 2689 658 2761 ab
673 2687 790 2784 inopis
805 2685 991 2760 defende.''

418 2808 628 2881 XXXVIII.
645 2810 892 2881 lroenrnarto
921 2806 1054 2881 senanls
1082 2807 1348 2881 incitamentum

368 2925 516 2999 Tiberio
546 2925 644 3028 suit„
664 2926 736 3028 ῳὸ
769 2926 966 3024 promptius
1005 2925 1253 3017 adversaretur,
1291 2925 1349 2997 his

369 3043 478 3117 ferme
501 3046 616 3119 verbis
636 3044 739 3119 usas:
771 3046 847 3119 “Si
869 3066 1042 3144 quantum
1065 3069 1258 3142 paupemm
1283 3044 1346 3135 est,

371 3171 398 3206 “
417 3158 537 3238 'venire
549 3165 633 3255 huc,
653 3166 814 3239 &liberis
835 3164 902 3238 suis
919 3185 1036 3263 petere
1053 3165 1215 3261 pecunias
1228 3188 1346 3259 coepe-

370 3290 398 3325 “
412 3284 512 3369 rint3
536 3284 661 3381 finguli
689 3310 885 3380 numquam
908 3282 1180 3375 exsatiabunnrr,
1204 3280 1347 3377 respub-

370 3402 482 3475 “lica
505 3404 654 3475 deficiet.
703 3404 782 3475 Nec
802 3400 894 3474 'sane
917 3402 999 3475 ideo
1015 3430 1036 3475 a
1052 3400 1243 3499 majoribus
1261 3426 1349 3474 con-

369 3526 397 3562 “
414 3523 544 3593 cessum
560 3522 609 3593 est
621 3522 741 3619 egredi
753 3520 942 3617 aliquando
955 3520 1173 3611 relationem,
1197 3526 1230 3595 &
1249 3521 1347 3617 quod

369 3639 451 3712 “in
473 3664 661 3713 commune
677 3641 848 3713 conducat
875 3641 955 3712 loco
981 3640 1159 3712 sententiae
1177 3638 1345 3737 proserre,

369 3762 455 3831 “ut
484 3759 617 3855 privata
641 3761 800 3858 negotia,
833 3784 884 3833 res
912 3757 1095 3833 familiares
1123 3758 1252 3833 nostras
1286 3758 1349 3830 hlc

370 3884 399 3921 “
416 3903 619 3977 augeamus,
647 3906 731 3952 curn
749 3880 891 3954 ‘invidias
914 3880 1048 3953 senattls
1074 3884 1107 3952 sc
1130 3877 1348 3976 principum,

370 4000 485 4072 “five
517 3996 722 4074 indulserint
758 4000 995 4099 largitionem,
1041 4001 1109 4073 srve
1148 3996 1348 4072 abnuerint.
