3259 5284
468 594 1002 670 ninimirufflmv,
1149 616 1215 689 251

248 770 491 871 Qrinslilium,
509 770 667 862 divitem,
686 774 718 843 br
736 770 859 845 Casari
871 745 1122 869 propinquum,
1145 772 1222 843 Do·

249 892 367 966 mitius
395 890 495 979 Afer,
521 890 675 964 Claudiae
694 892 868 980 Pulchrae,
896 890 1014 963 matris
1029 888 1113 987 ejus,
1136 914 1221 962 con·

248 1012 456 1095 demnat0r;
491 1010 589 1081 nullo
623 1008 781 1098 mirante,
816 1009 914 1107 quod
945 1008 1008 1082 diu
1035 1032 1155 1106 egens,
1186 1012 1222 1081 δι

250 1148 349 1226 parto
374 1154 485 1225 nuper
509 1128 657 1225 praemio
686 1130 776 1201 male
797 1126 890 1217 usus,
916 1130 1017 1224 plura
1030 1129 1075 1199 ad
1092 1125 1224 1224 flagitia

248 1248 497 1346 accingeretur.
546 1246 713 1320 Publium
746 1249 969 1321 Dolabellam
996 1246 1127 1319 socium
1159 1246 1221 1319 de-

248 1366 384 1439 lationis
406 1366 580 1458 exstitisse,
609 1366 774 1439 miraculo
797 1386 882 1456 erat,
901 1365 984 1464 quia
998 1366 1096 1439 claris
1113 1365 1221 1463 majo-

246 1486 358 1577 ribus,
386 1488 532 1561 &Varo
556 1510 747 1574 connexus,
773 1484 869 1558 suam
896 1484 967 1583 ipse
986 1483 1219 1577 nobilitatem,

248 1604 348 1679 suum
376 1604 579 1703 sanguinem
613 1604 787 1701 perditum
815 1603 897 1678 ibat.
948 1604 1090 1677 Restitit
1103 1624 1222 1677 tamen

248 1724 397 1813 senatus,
438 1730 471 1796 ὅ(
511 1723 805 1819 “opperiendum
844 1724 1115 1819 Imperatorem''
1140 1747 1221 1796 cen·

248 1841 339 1915 suit:
365 1843 461 1938 quod
479 1868 603 1931 unum,
623 1842 824 1939 urgentium
838 1844 1011 1915 malorum
1031 1840 1222 1940 suffugium

248 1960 286 2033 in
309 1978 447 2056 tempus
471 1980 552 2033 erat.

296 2082 449 2153 LXVII.
475 2086 535 2154 Ar
563 2082 701 2153 Cir-:sna
730 2080 895 2155 dedicatis
912 2105 973 2178 per
989 2079 1221 2177 Campaniam

248 2199 404 2296 templis,
439 2224 653 2297 quamquam
671 2199 785 2272 edisio
803 2200 1001 2290 monuisset,
1033 2207 1060 2243 “
1074 2226 1119 2273 ne
1144 2200 1221 2299 quis

249 2326 279 2363 “
297 2319 450 2416 quietern
477 2318 547 2417 ejus
575 2318 827 2415 inrumperet‚’'
851 2318 1101 2417 concursusque
1117 2319 1220 2417 oppi-

246 2439 418 2515 danorum
443 2438 604 2535 disposito
625 2438 735 2511 milite
759 2438 1023 2534 prohiberentur
1035 2468 1047 2525 3
1080 2439 1220 2536 perosus

248 2578 366 2633 tamen
384 2557 586 2655 municipia,
609 2562 643 2630 sc
662 2558 829 2646 colonias,
851 2557 1040 2654 omniaque
1056 2558 1091 2629 in
1108 2559 1219 2631 conti·

247 2677 344 2749 nenti
372 2680 445 2765 sita,
471 2678 619 2772 Capreas
642 2674 676 2749 se
704 2675 739 2747 in
766 2674 911 2769 insulam
938 2676 1085 2765 abdidit,
1115 2675 1221 2751 trium

248 2796 398 2869 millium
414 2793 503 2867 freto
528 2796 573 2866 ab
600 2794 762 2866 extremis
778 2794 965 2867 Surrentini
991 2796 1220 2891 promontorii

247 2915 466 3014 disjunslam.
525 2912 756 2985 Solitudinem
783 2911 854 3010 ejus
883 2913 1044 3009 placuisse
1067 2916 1221 2990 maxime

247 3033 466 3123 crediderim,
486 3031 652 3130 quoniam
670 3030 921 3128 importuosum
939 3032 1030 3104 circa
1052 3058 1159 3123 mare,
1184 3040 1221 3107 dr

248 3152 309 3225 vix
322 3150 467 3225 modicis
485 3151 632 3249 navigiis
649 3176 761 3247 pauca
774 3148 936 3236 subsidia3
952 3174 1065 3247 neque
1076 3152 1220 3249 adpule-

248 3272 288 3343 rit
306 3270 501 3369 quisquam,
527 3271 586 3343 nisi
616 3294 724 3369 gnaro
741 3270 905 3344 custodes
935 3270 1012 3342 caeli
1035 3273 1221 3368 temperies

246 3390 361 3463 hieme
382 3390 489 3479 mitis,
516 3388 653 3487 objeslu
671 3388 815 3478 montis,
846 3414 918 3485 quo
929 3386 1020 3461 saeva
1036 3409 1229 3470 ventorum,

246 3528 424 3583 arcentur:
455 3508 549 3583 aestas
579 3508 616 3581 in
645 3508 841 3582 Favonium
858 3506 1013 3596 obversa,
1043 3512 1221 3608 &aperto

246 3629 378 3701 circum
404 3630 531 3725 pelago
559 3654 783 3725 peramoena;
808 3624 1116 3724 prospeslabatque
1140 3633 1219 3727 pul·

245 3746 459 3821 cherrimum
481 3750 604 3836 sinum,
627 3766 815 3845 antequam
838 3742 1003 3817 Vesuvius
1032 3770 1133 3819 mons
1165 3776 1219 3823 ar.

245 3863 385 3939 descens
402 3863 524 3938 faciem
544 3866 610 3938 loci
629 3885 787 3939 verteret.
838 3866 978 3937 Grecos
992 3888 1045 3937 -ea
1062 3866 1217 3959 tenuisse,

244 3982 463 4085 Capreasque
478 3984 642 4061 Telebois
660 3982 842 4075 habitatas,
872 3980 965 4058 sarna
987 3983 1102 4061 tradit.
1149 3987 1218 4065 Sed
