3259 5284
364 586 434 640 212
561 562 1142 639 C.ConunrrrTncrr1

364 743 393 781 “
409 734 700 835 feminarumque.
768 738 948 813 Accedere
985 738 1088 835 ipsius
1129 738 1339 813 caerimoniae

365 863 394 899 “
411 856 644 948 difficultates,
662 882 741 955 quae
758 856 914 931 consultd
932 857 1141 943 vitarentur3
1173 861 1207 930 ὅτ
1226 882 1338 955 quan·

367 981 396 1018 ‘⁴
414 978 463 1050 do
480 975 589 1049 exiret
613 1002 634 1049 e
654 976 736 1076 jure
758 976 882 1075 pauiu,
907 976 968 1077 qui
985 976 1023 1049 id
1039 976 1234 1051 flaminium
1251 975 1339 1075 apis·

366 1099 395 1139 “
411 1112 558 1185 ceretu,
586 1120 737 1194 quaeque
762 1096 800 1169 in
825 1122 972 1170 manum
995 1096 1145 1171 flaminis
1170 1095 1339 1171 conveni·

367 1221 396 1258 “
414 1234 477 1287 ret.
526 1216 578 1288 Ita
594 1216 809 1289 medendum
827 1214 960 1288 senatus
974 1216 1130 1303 decretu,
1157 1234 1217 1289 aut
1235 1217 1339 1313 lege;

367 1340 396 1377 ‘⁴
414 1338 498 1407 sicut
532 1334 715 1433 Augustus
738 1336 903 1431 quaedam
934 1359 979 1407 ex
1015 1333 1154 1407 horridl
1174 1333 1233 1407 iltt
1252 1334 1340 1407 anti-

366 1460 395 1501 “
414 1453 559 1552 quitata,
580 1455 627 1527 ad
648 1452 849 1551 praesentem
874 1452 973 1527 usum
998 1452 1181 1527 flexisset.”
1229 1452 1343 1550 Igitur

364 1571 515 1646 tradatis
542 1572 783 1670 religionibus,
808 1572 977 1670 placitum
1004 1571 1202 1645 “instituto
1227 1570 1341 1645 flenti-

366 1695 396 1733 “
414 1716 502 1763 num
523 1690 611 1764 nihil
626 1690 800 1766 demutari
817 1693 854 1764 =”
874 1690 933 1765 sed
956 1692 1025 1765 lata
1047 1692 1120 1781 lex,
1146 1695 1215 1789 qud
1236 1699 1263 1734 “
1278 1694 1341 1765 fla-

367 1816 397 1853 “
415 1809 546 1883 minica
567 1810 679 1884 Dialis
701 1809 877 1884 sacrorum
898 1814 1000 1884 causd
1020 1810 1057 1883 in
1075 1810 1241 1908 potestate
1261 1811 1342 1900 viri,

366 1936 397 1973 “
413 1950 526 2003 cetera
560 1929 757 2027 promiscuo
779 1929 988 2003 feminarum
1005 1926 1085 2025 jure
1112 1948 1229 2027 ageret
1242 1931 1279 2003 :''
1307 1934 1342 2003 u

365 2046 459 2121 filius
481 2047 735 2147 Maluginensis
752 2048 839 2145 patri
856 2048 1024 2123 suffedtus.
1075 2050 1197 2145 thue
1222 2048 1342 2147 glisce-

365 2187 420 2239 ret
449 2165 609 2263 dignatio
633 2165 865 2259 sacerdotum,
902 2187 1007 2264 atque
1040 2166 1119 2264 ipsis
1149 2168 1344 2265 promptior

364 2285 502 2360 animus
530 2284 618 2358 soret
653 2286 700 2359 ad
723 2287 945 2382 capessendas
972 2285 1202 2375 carimonias,
1225 2286 1343 2359 decre·

365 2424 444 2478 tum
480 2411 509 2448 “
521 2405 694 2478 Cornelia
718 2404 863 2504 virgini,
893 2432 971 2504 quae
997 2408 1034 2481 in
1059 2410 1178 2481 locum
1199 2406 1344 2480 Scantiae

367 2531 397 2568 “
415 2523 629 2621 capiebatur,
666 2527 782 2599 LLS.
812 2522 868 2595 >ff
876 2555 888 2612 3
923 2530 957 2599 δι
993 2525 1155 2624 quotiens
1183 2526 1345 2625 Augusta

368 2646 589 2717 “theatrum
615 2643 796 2737 introisset,
832 2664 872 2718 ut
895 2644 990 2720 sedes
1025 2645 1112 2719 inter
1151 2643 1345 2723 Vestalium

368 2770 397 2807 “
414 2764 644 2852 consideret.'’

414 2886 532 2959 XVII.
569 2885 780 2959 Conurnro
817 2886 991 2985 Cethego,
1023 2885 1163 2959 Visellio
1191 2886 1347 2961 Varrone

366 3003 564 3080 consulibus
592 3004 787 3101 pontifices,
818 3030 1011 3103 eorumque
1037 3007 1202 3103 exemplo
1240 3004 1345 3080 ceteri

366 3125 570 3212 sacerdotes,
608 3123 691 3195 cum
721 3149 784 3219 pro
809 3124 1051 3199 incolumitate
1073 3124 1243 3221 Principis
1263 3144 1348 3210 vota

365 3245 587 3341 susciperent,
614 3243 799 3315 Neronem
824 3268 966 3340 quoque
990 3248 1024 3316 δι
1052 3244 1206 3319 Drusum
1224 3242 1346 3318 iisdem

366 3364 433 3437 diis
452 3362 746 3436 commendavdre
753 3389 764 3448 3
792 3386 863 3433 non
891 3380 964 3434 tam
992 3362 1130 3437 caritate
1155 3363 1346 3463 juvenum,

366 3484 476 3581 quam
492 3479 718 3554 adulatione:
751 3507 831 3577 quae
865 3480 1022 3556 moribus
1048 3484 1233 3581 corniptis,
1269 3508 1348 3581 pcr-

367 3602 451 3675 inde
473 3625 600 3697 anceps
616 3603 639 3673 sr
656 3601 766 3690 nulla,
802 3604 836 3674 ἃ
854 3602 916 3675 ubi
931 3602 1040 3677 nimia
1055 3602 1116 3677 est.
1165 3606 1264 3677 Nam
1281 3603 1347 3676 Ti·

367 3721 483 3795 berius
509 3720 605 3793 haud
634 3745 805 3817 umquam
845 3721 968 3795 domui
1002 3722 1203 3795 Germanici
1240 3722 1348 3815 mitis,

366 3862 443 3915 tum
473 3838 558 3912 vero
596 3845 624 3881 “
638 3839 769 3936 aequari
807 3840 1038 3917 adolescentes
1070 3840 1213 3915 senedtae
1240 3840 1348 3933 suae,''

365 3957 588 4077 impatienter
613 3957 788 4046 indoluit:
825 3958 1021 4058 accitosque
1054 3960 1237 4059 pontifices
1269 3986 1346 4060 per*
