3259 5284
416 652 482 722 116
592 650 634 722 C.
666 649 944 721 Conuenit
977 647 1183 722 Tncrrr

412 820 559 914 pedibus
570 819 765 910 intedin&
778 818 849 916 pari
862 843 943 890 cum
955 819 1085 892 Graecis
1096 817 1238 908 amidu,
1251 818 1291 890 P.
1304 815 1375 892 Sci·
1412 852 1417 860 ·

411 934 525 1031 pionis
542 937 780 1023 aemulatione3
806 961 913 1033 quem
930 937 1050 1010 eadem
1067 935 1266 1009 laetitaviffe
1283 937 1376 1033 apud

410 1053 572 1144 Siciliam,
587 1055 744 1152 quamvis
756 1059 924 1154 flagrante
939 1055 1052 1128 adhuc
1064 1057 1254 1128 Poenorum
1267 1055 1375 1142 bello,

410 1172 619 1269 accepimus.
669 1173 843 1263 Tiberius,
868 1176 962 1246 cultu
984 1172 1174 1270 habituque
1197 1170 1269 1268 ejus
1290 1171 1374 1244 leni·

410 1290 476 1362 bus
509 1290 621 1364 verbis
649 1291 837 1387 perstrido,
871 1290 1035 1364 acerrime
1062 1289 1245 1386 increpuit,
1279 1290 1375 1387 quod

411 1427 531 1480 contra
562 1407 715 1481 instituta
746 1409 910 1504 Augusti,
953 1390 1031 1481 non'
1056 1405 1175 1504 sponte
1207 1407 1376 1504 Principis

410 1526 663 1598 Alexandriam
680 1525 865 1598 introillet:
896 1551 977 1598 nam
994 1524 1186 1622 Augustus,
1205 1524 1293 1598 inter
1309 1525 1376 1598 alia

409 1644 654 1717 dominationis
666 1670 802 1734 arcana,
821 1643 949 1733 vetitis,
967 1644 1026 1715 nisi
1041 1642 1217 1738 permillu,
1237 1642 1374 1742 ingredi

410 1761 620 1836 senatoribus
639 1785 698 1836 aut
712 1763 887 1859 equitibus
904 1761 1074 1835 Romanis
1090 1761 1299 1851 inlustribus,
1324 1760 1372 1832 se-

409 1879 519 1978 posuit
536 1881 758 1978 AEgyptum:
793 1907 836 1953 ne
852 1879 943 1952 lame
959 1898 1095 1977 urgeret
1111 1881 1259 1970 Italiam,
1283 1877 1372 1976 quis-

410 1998 488 2096 quis
504 2024 580 2072 eam
597 1997 826 2094 provinciam,
850 1997 1063 2094 claustraque
1083 2017 1179 2071 tetrae
1198 2025 1238 2071 ac
1255 1997 1373 2087 maris,

408 2117 568 2212 quamvis
585 2115 654 2188 levi
666 2115 822 2212 prasidio
839 2115 1020 2188 adversdm
1033 2115 1189 2214 ingentes
1206 2115 1374 2189 exercitus

408 2232 587 2307 insediffet.
866 2325 869 2331 Ι
936 2237 940 2246 ’

455 2353 540 2425 LX.
572 2355 647 2424 San
679 2333 964 2439 Gnuunutcus,
1008 2352 1166 2423 nondum
1194 2369 1374 2446 comperto

409 2468 658 2565 profeetionem
672 2494 750 2541 earn
763 2468 919 2557 incusati,
936 2469 1020 2540 Nilo
1032 2467 1293 2559 subvehebatur,
1315 2495 1371 2541 or-

408 2586 463 2658 sus
474 2587 638 2683 oppidoa
655 2587 811 2684 Canopo.
857 2585 1056 2659 'Condiddre
1073 2586 1109 2659 id
1123 2587 1292 2682 Spartani,
1327 2591 1375 2662 ob

407 2703 578 2801 sepultum
593 2704 663 2777 illic
678 2706 848 2778 reelorem
863 2704 960 2777 navis
976 2705 1177 2802 Canopum3
1206 2709 1274 2802 qud
1285 2725 1372 2780 tem·

408 2814 537 2920 pestate
553 2825 736 2896 Menelaus
753 2822 926 2896 Graeciam
943 2844 1114 2919 repetens,
1140 2822 1311 2897 diversum
1328 2827 1373 2898 ad

408 2967 503 3014 mare
515 2960 709 3039 terramque
720 2942 874 3036 Libyam
884 2938 1045 3038 dejectus.
1078 2942 1164 3014 Inde
1174 2942 1374 3038 proximum

407 3059 520 3133 amnis
535 3087 575 3133 os
589 3059 743 3132 dicatum
758 3059 922 3148 Herculi,
950 3084 1056 3155 quem
1072 3059 1243 3157 indigenae
1259 3082 1373 3134 ortum

407 3180 502 3276 apud
516 3179 551 3252 se
568 3184 601 3251 ὰ
618 3177 888 3272 antiquissimum
910 3177 1090 3273 perhibent
1105 3204 1115 3262 ς
1145 3176 1283 3274 eosque,
1313 3179 1373 3275 qui

408 3297 526 3393 postea
541 3295 614 3390 pari
630 3295 758 3366 virtute
777 3294 917 3385 fuerint,
952 3294 987 3366 in
1010 3313 1284 3391 cognomentum
1303 3293 1374 3392 ejus

407 3412 578 3485 adscitos:
616 3438 702 3484 mox
730 3412 805 3484 visit
834 3433 991 3484 veterum
1018 3413 1221 3484 Thebarum
1246 3437 1374 3510 magna

408 3528 577 3626 vestigia:
606 3533 640 3602 tr
663 3531 850 3603 manebant
870 3529 1003 3602 structis
1019 3531 1167 3602 molibus
1185 3528 1290 3602 literae
1306 3531 1372 3604 AE-

409 3647 553 3746 gyptiae,
577 3647 728 3745 priorem
740 3647 952 3743 opulentiam
965 3650 1179 3744 complexae:
1199 3645 1373 3746 juliusque

408 3765 629 3840 esenioribus
645 3765 859 3840 sacerdotum
882 3765 1031 3864 patrium
1051 3765 1243 3838 sermonem
1268 3766 1373 3839 inter·

409 3883 549 3982 pretini,
572 3882 738 3959 referebat
761 3890 788 3929 “
805 3885 969 3958 habitaffe
985 3886 1163 3982 quondam
1179 3883 1372 3984 septingen-

407 4008 439 4095 f‘
456 4021 492 4078 ta
512 4001 621 4078 millia
639 4024 738 4080 aetate
753 4002 913 4081 militari:
939 4022 1043 4104 atque
1059 4029 1101 4080 eo
1117 4029 1200 4080 cum
1221 4002 1372 4079 exercitu
