3259 5284
522 565 975 644 AnuarruMLrn.
1001 570 1064 648 111.
1216 574 1278 647 161

299 744 454 843 potentia
470 744 613 817 anteiit:
640 744 794 819 diversus
811 771 831 818 a
847 765 1006 819 veterum
1024 744 1193 835 instituto,
1220 763 1282 841 per

297 866 433 938 cultum
451 868 485 937 &
503 865 690 938 munditias
697 892 708 951 ;
735 865 906 963 copiaque
925 870 957 938 &
976 864 1165 955 affluentia,
1193 868 1281 939 luxu

300 983 466 1080 propior:
498 982 635 1057 suberat
658 1005 778 1057 tamen
801 985 906 1082 vigor
927 983 1048 1073 animi,
1077 983 1281 1081 ingentibus

230 1164 233 1169 .
298 1103 447 1201 negotiis
469 1130 553 1200 par3
579 1100 623 1177 eir
643 1104 768 1193 acrior,
797 1100 870 1200 quia
888 1102 1049 1177 somnum
1068 1108 1101 1176 ὅτ
1120 1102 1281 1177 inertiam

299 1223 414 1320 magis
445 1224 647 1296 ostentabat.
703 1222 829 1320 Igitur,
866 1222 1035 1295 incolumi
1069 1226 1280 1313 Maecenate,

300 1343 505 1439 proximus3
533 1368 619 1415 mox
642 1342 849 1440 praecipuuS,
877 1341 932 1434 cui
950 1340 1076 1414 secreta
1093 1342 1281 1439 imperato-

299 1486 379 1533 rum
398 1462 641 1551 inniterentur,
669 1466 704 1534 &
723 1462 952 1533 interficiendi
972 1461 1127 1539 Postumi
1148 1462 1280 1559 Agrip·

300 1606 354 1677 pae
371 1580 539 1669 conscius,
565 1602 664 1653 etate
682 1580 845 1677 provecta
858 1580 1006 1677 speciem
1019 1580 1132 1677 magis
1144 1581 1181 1652 in
1193 1580 1280 1653 ami*

300 1700 381 1772 titia
403 1698 582 1796 principis,
611 1698 719 1796 quim
741 1700 815 1794 vim
838 1700 959 1773 tenuit.
1009 1702 1170 1797 idque&
1188 1703 1281 1773 Mae-

299 1820 411 1917 cenati
434 1819 624 1903 acciderat3
655 1816 728 1891 sato
754 1820 920 1915 potentiae
945 1819 1021 1892 rari)
1045 1819 1278 1917 sempiternaez
1312 1894 1314 1899 .

299 1965 345 2011 an
369 1938 466 2011 satias
492 1937 598 2033 capit,
625 1956 684 2009 aut
707 1937 797 2027 illos,
824 1939 907 2011 cinn
932 1936 1050 2011 omnia
1069 1940 1279 2031 tribuerunt,

299 2079 359 2129 aut
383 2060 461 2150 hos,
495 2059 578 2131 cum
596 2054 674 2153 jam
699 2057 786 2130 nihil
811 2058 987 2156 reliquum
1016 2058 1065 2129 est
1093 2060 1192 2155 quod
1219 2084 1280 2133 cu·

300 2177 418 2274 piant?
1059 2263 1062 2270 .
1147 2212 1153 2220 ·

348 2297 488 2371 XXXI.
515 2301 722 2385 Snerrun
750 2298 885 2372 Tiberii
913 2317 1068 2397 quartus,
1102 2298 1203 2371 Dmfi
1231 2290 1281 2371 se-

300 2420 438 2490 cundus
450 2418 660 2511 consulatus,
688 2418 796 2516 patris
809 2438 915 2515 atque
932 2418 994 2491 filii
1010 2416 1160 2516 collegio
1176 2415 1283 2515 infig-

299 2537 373 2608 nis:
405 2539 496 2611 nam
512 2539 655 2611 biennio
679 2540 773 2629 ante,
804 2536 1006 2609 Germanici
1031 2562 1112 2609 curn
1135 2530 1281 2610 Tiberio

299 2654 396 2727 idem
422 2658 550 2746 honor,
582 2682 697 2753 neque
724 2675 850 2752 patruo
877 2658 988 2745 laetus,
1019 2680 1134 2751 neque
1162 2656 1283 2727 natura

297 2794 373 2847 ram
389 2798 569 2848 connexus
585 2774 707 2846 fuerat.
759 2771 844 2870 Ejus
872 2774 954 2846 anni
976 2773 1147 2870 principio
1171 2774 1281 2845 Tibe-

263 2902 267 2908 ’
298 2893 381 2984 rius,
418 2898 512 2990 quasi
539 2895 719 2967 firmandae
749 2891 954 2980 valetudini,
985 2891 1020 2963 in
1050 2891 1282 2987 Campaniam

298 3016 475 3104 concessu,
502 3014 648 3110 longam
666 3018 699 3085 δι
718 3010 922 3084 continuam
939 3010 1127 3083 absentiam
1149 3012 1283 3105 paulla-

298 3130 365 3205 tim
384 3131 579 3216 meditans;
606 3134 679 3203 srve-
691 3150 745 3219 ut,
772 3146 892 3202 amoto
910 3150 1021 3227 patre,
1052 3128 1186 3202 Drusus
1202 3156 1281 3204 mu-

297 3252 356 3325 nia
371 3250 566 3325 consulatus
583 3250 674 3324 sulus
690 3250 862 3347 impleret.
913 3254 969 3322 Ac
990 3246 1079 3321 sorte
1103 3272 1210 3345 parva
1229 3276 1282 3323 res

297 3392 471 3471 magnum
497 3372 544 3445 ad
568 3392 745 3445 certamen
769 3370 959 3467 progressa,
993 3366 1141 3466 praebuit
1156 3365 1283 3465 juveni

297 3491 476 3563 materiem
503 3488 679 3588 apiscendi
706 3489 847 3563 favoris.
897 3488 1076 3562 Domitius
1104 3486 1280 3581 Comum,

299 3612 445 3705 praetura
456 3610 610 3701 anuas,
637 3612 683 3684 de
701 3614 747 3683 L.
765 3610 860 3683 Sulla
876 3606 985 3681 nobili
996 3606 1128 3705 juvene
1142 3608 1282 3703 questus

297 3729 349 3798 est
365 3728 460 3824 apud
476 3728 644 3819 senamm,
674 3735 702 3771 “
716 3726 814 3825 quud
827 3728 887 3800 srbi
902 3727 990 3799 inter
1001 3723 1195 3823 speeiacula
1208 3728 1282 3823 gla-

300 3850 328 3886 “
345 3843 534 3936 diaromm,
566 3850 647 3920 loco
671 3872 745 3919 non
770 3846 993 3919 deceffisset.''
1043 3846 1112 3917 Pro
1142 3846 1281 3918 Corbu·

300 3962 381 4035 lone
408 3982 501 4054 aetas,
533 3966 665 4061 patrius
694 3992 786 4055 mos,
823 3965 934 4041 studia
959 3964 1131 4039 seniorum
1160 3984 1279 4037 etanta
