3259 5284
369 657 405 738 ir
450 731 454 740 .

367 833 414 925 se,
442 860 524 910 cum
549 835 668 910 ceteris
684 835 800 910 Taciti
824 835 931 926 libris,
961 837 1065 910 etiam
1090 835 1248 938 quinque
1273 837 1341 940 pri·

367 979 458 1046 mos,
485 982 506 1028 a
522 955 612 1029 Phil.
630 959 799 1030 Beroaldo
818 956 913 1054 prius
938 956 1133 1056 castigatos,
1158 984 1243 1033 mox
1260 987 1346 1035 vero

364 1071 433 1148 ase
458 1073 585 1150 iterum
606 1076 778 1176 cognitos,
804 1077 899 1165 dare,
922 1101 987 1150 nec
1010 1076 1080 1173 ipse
1106 1081 1343 1173 comparando

363 1195 561 1292 repererim,
598 1198 695 1294 quod
722 1221 767 1270 ex
795 1221 839 1269 eo
867 1195 958 1270 libro
985 1197 1132 1268 dudum
1156 1196 1341 1271 videretur.

364 1315 550 1390 Beroaldus
566 1341 610 1388 an
628 1341 670 1390 eo
686 1313 764 1389 usus
792 1313 907 1403 suerit,
933 1313 1009 1412 post
1025 1313 1235 1390 videbimus.
1284 1318 1343 1389 De

362 1431 563 1507 audloritate
579 1434 721 1508 Codicis
738 1459 806 1507 non
823 1432 900 1506 satis
916 1429 1133 1507 consentiunt
1148 1433 1214 1507 viri
1230 1433 1338 1508 dotti.

363 1554 399 1647 J.
409 1553 609 1626 Gronovius
624 1552 767 1650 quidem
780 1571 916 1625 tantum
932 1552 964 1624 ei
979 1553 1115 1643 tribuit,
1133 1573 1173 1627 ut
1189 1555 1339 1627 modum

360 1671 528 1745 excedere
547 1671 715 1746 videatur.
764 1670 983 1744 Moderatius
1007 1672 1167 1747 Graevius
1186 1670 1338 1770 judicat,

360 1789 400 1863 in
417 1815 473 1885 ep.
498 1791 543 1862 ad
566 1789 763 1864 Heinsrum.
810 1791 858 1862 T.
875 1793 939 1864 lv.
955 1791 1048 1865 Coll.
1065 1795 1104 1864 B.
1122 1818 1157 1888 p.
1169 1794 1253 1888 498.
1278 1791 1339 1888 qui

362 1910 532 2005 exemplar,
559 1911 639 1982 unde
660 1909 832 2002 illefluxit,
857 1909 1036 2005 mendosum,
1058 1911 1099 1984 ὅ
1117 1913 1158 1982 ab
1171 1911 1341 2004 semidotlo

360 2027 578 2124 interpolatum
605 2045 714 2125 putat.
763 2027 806 2099 In
834 2026 956 2124 primis
979 2028 1172 2120 observavi,
1203 2050 1337 2104 utrum·

357 2171 428 2244 que
455 2145 628 2220 Codicem
652 2145 797 2220 subinde
826 2170 970 2243 peccare
995 2146 1175 2222 omiffione
1197 2146 1336 2244 syllabae

357 2263 502 2364 alicujus
519 2263 668 2338 mediae:
695 2264 768 2337 vid.
796 2262 889 2337 dista
913 2264 959 2336 ad
986 2269 1034 2338 A.
1050 2266 1100 2356 11,
1124 2266 1182 2362 63.
1210 2267 1334 2340 consu·

357 2387 450 2458 sione
473 2381 680 2480 syllabarum
697 2384 735 2454 de
762 2385 796 2456 δι
818 2383 867 2474 di,
891 2383 1071 2457 omiffione
1094 2383 1214 2460 litterae
1240 2413 1271 2459 nr
1297 2387 1335 2460 in

357 2499 567 2578 accusativis.
617 2503 762 2574 Habere
791 2507 826 2576 ἃ
855 2503 1068 2600 glossemata,
1094 2503 1236 2578 constat.
1261 2505 1334 2580 vid.

355 2623 450 2696 dicta
464 2622 508 2694 ad
526 2620 627 2710 XVI,
650 2645 683 2692 a.
732 2621 899 2695 Ceterum
920 2645 966 2693 ex
982 2622 1051 2694 hoc
1067 2620 1201 2698 Codice
1215 2624 1335 2698 omnia
1490 2667 1493 2674 ·

355 2742 422 2814 alia
437 2739 563 2838 scripta
579 2737 693 2812 Taciti
710 2739 923 2837 exemplaria
947 2738 1098 2830 fluxisse,
1127 2760 1167 2813 ut
1189 2744 1224 2836 J.
1240 2745 1332 2817 Gro.

354 2859 480 2935 novius
505 2856 643 2932 videtur
666 2857 856 2949 credidisse,
881 2883 954 2932 non
980 2861 1129 2934 audeam
1153 2886 1215 2959 pro
1238 2881 1334 2937 certo

354 2982 537 3068 affirmare,
563 2980 620 3051 etsr
644 2975 825 3050 consensus
850 2977 1011 3052 omnium
1036 2977 1073 3050 in
1094 2981 1332 3078 ‚transpositio-

355 3100 473 3189 nibus,
499 3117 537 3172 ut
554 3095 648 3170 Hist.
662 3096 728 3184 ΙΙΙ,
744 3119 777 3192 5.
803 3098 862 3191 65.
888 3096 1052 3170 credibile
1074 3097 1166 3171 ficit.
1214 3100 1331 3196 Speci-

354 3243 438 3293 men
453 3216 627 3312 scripturae
643 3239 688 3286 ex
715 3216 761 3287 L.
778 3214 862 3287 XII.
891 3217 1019 3288 Annal.
1036 3214 1175 3290 inseruit
1197 3219 1331 3294 Mabil-

354 3337 468 3412 lonius
500 3332 609 3430 Operi
638 3330 892 3428 Diplomatico,
926 3335 973 3405 L.
991 3335 1036 3406 V.
1066 3335 1158 3408 Tab.
1183 3359 1217 3432 5.
1242 3363 1277 3409 n.
1296 3361 1330 3434 5.

349 3483 391 3554 p.
425 3477 507 3552 553.
546 3450 668 3526 melius
699 3450 828 3524 dedere
861 3452 1031 3526 Audores
1061 3453 1161 3527 Novi
1203 3454 1331 3552 Operis

351 3570 592 3672 Diplomatici,
620 3571 711 3643 Tab.
728 3596 788 3666 49.
818 3568 931 3667 qui&
955 3591 1116 3644 accurare
1131 3571 1176 3646 de
1193 3598 1236 3647 eo
1257 3575 1328 3648 Co-

228 3771 231 3778 ,
350 3694 430 3769 dice
448 3690 674 3779 tradiderunt,
700 3714 735 3785 p.
754 3693 836 3786 278.
856 3711 939 3786 279.
956 3689 1129 3787 inprimis
1151 3691 1328 3765 inserenda

349 3811 491 3912 epistola
518 3806 769 3883 bibliothecarii
795 3807 951 3882 Medicei
974 3807 1073 3908 supet
1101 3812 1169 3887 hoc
1195 3810 1330 3887 Codice

350 3959 383 4008 a.
403 3955 494 4031 1752
511 3929 557 4006 ad
573 3926 749 4003 Botarium
765 3929 810 4002 V.
827 3928 870 4004 C.
886 3925 1021 4028 scripta.
