3259 5284
530 557 838 626 Annarronr
864 552 978 626 Lt'a.
1003 551 1066 625 IV.
1214 574 1285 653 215

309 727 457 802 Tiberio
484 752 566 827 erga
591 728 776 825 pecuniam
802 729 950 801 alienam
985 727 1166 827 diligentia
1206 727 1283 804 fnit.

309 848 402 922 Sosia
425 847 462 919 in
489 845 647 920 exsilium
675 847 814 944 pellitur
844 846 953 921 Asinii
983 848 1076 921 Galli
1107 846 1283 939 sententis,

310 966 371 1064 qui
401 973 430 1009 “
448 985 583 1063 partem
601 969 775 1040 bonorum
792 966 1054 1064 publicandam,
1073 994 1152 1065 pars
1179 989 1216 1041 ut
1243 970 1285 1041 li·

309 1092 337 1127 “
355 1084 444 1158 beris
459 1086 750 1182 relinqueretur‚”
767 1084 953 1160 censuerat.
986 1087 1119 1160 Contra
1137 1088 1194 1161 M.
1211 1090 1283 1183 Lc-

307 1204 412 1302 pidus
434 1211 463 1247 “
483 1225 641 1303 quartam
657 1203 926 1294 accusatoribus,
940 1203 1129 1279 secunditm
1146 1208 1284 1281 neceffi·

309 1331 338 1367 “
356 1323 515 1397 tudinem
531 1324 632 1421 legis,
652 1343 765 1397 cetera
779 1323 922 1397 liberis'’
948 1328 1121 1398 eonccsfit.
1171 1328 1284 1400 Hunc

308 1468 378 1542 ego
393 1437 589 1541 Lepidum,
619 1444 837 1540 temporibus
853 1442 935 1533 illis,
967 1469 1112 1541 gravem
1137 1450 1170 1517 ὅτ
1197 1443 1284 1543 sapi·

307 1582 425 1637 entem
442 1563 557 1635 virum
589 1561 686 1635 fuisse
703 1562 894 1659 comperio.
944 1564 1040 1635 Nam
1060 1564 1223 1661 pleraque
1235 1566 1285 1637 ab

307 1680 404 1755 saevis
418 1681 675 1755 adulationibus
691 1681 854 1771 aliorum,
872 1681 913 1753 in¹
926 1681 1048 1755 melius
1064 1682 1163 1755 flexit
1179 1710 1187 1755 ε
1223 1708 1284 1756 ne·

309 1825 379 1898 que
405 1819 523 1873 tamen
554 1798 820 1895 temperamenti
849 1801 988 1897 egebat,
1014 1800 1096 1873 citm
1123 1801 1286 1898 aequabili

307 1916 558 1991 auctoritate&
576 1917 685 2015 gratiss
696 1919 791 2015 apud
802 1917 989 1993 Tiberium
1001 1919 1164 2019 viguerit.
1176 1919 1286 1997 Unde

308 2036 470 2110 dubitare
496 2063 618 2135 cogor,
643 2035 715 2109 sato
730 2040 764 2110 δι
782 2034 868 2109 sorte
892 2036 1065 2128 nascendi,
1095 2060 1133 2112 ut
1157 2060 1283 2132 cetera,

307 2156 356 2229 ita
372 2155 574 2253 principum
590 2155 771 2229 inclinatio
785 2154 822 2228 in
839 2157 918 2246 hos,
949 2157 1091 2230 offensio
1116 2158 1152 2230 in
1180 2158 1282 2233 illos:

307 2301 352 2347 an
370 2278 409 2347 fit
435 2275 571 2373 aliquid
598 2276 636 2348 in
664 2274 789 2349 nostris
805 2274 968 2363 confiliis,
999 2274 1171 2373 liceatque
1196 2278 1286 2353 inter

306 2396 492 2491 abruptam
509 2394 780 2485 contumaciam,
812 2401 847 2469 δι
879 2394 1035 2468 deforme
1062 2393 1283 2494 obsequium,

305 2540 450 2612 pergere
467 2514 531 2587 iter
555 2514 746 2588 ambitione
771 2540 812 2588 ac
842 2514 1003 2613 periculis
1020 2539 1184 2589 vacuum.
1234 2520 1286 2589 At

306 2634 511 2708 Messalinus
539 2635 656 2721 Cotta,
685 2634 779 2706 haud
811 2632 928 2705 minlrs
957 2632 1054 2706 claris
1082 2631 1284 2731 majoribus,

306 2751 364 2826 sed
380 2752 497 2825 animo
519 2750 685 2841 diversus,
715 2750 846 2825 censuit
882 2759 909 2795 “
923 2753 1120 2825 cavendum
1136 2748 1284 2826 senatus-

308 2879 336 2913 “
353 2870 526 2963 consulto,
555 2890 594 2943 ut
622 2895 838 2967 quamquam
872 2870 1021 2944 insontes
1055 2865 1284 2968 magistratin,

308 2998 336 3035 “
355 2996 388 3065 &
408 2992 521 3087 culpa
549 2989 670 3063 alienae
696 2988 811 3079 nescii,
838 2988 1107 3087 provincialibus
1134 3013 1286 3065 uxorum

307 3117 335 3154 “
354 3110 572 3199 criminibus,
599 3108 744 3205 perinde
762 3110 870 3206 quam
887 3108 953 3181 suis
970 3109 1236 3205 pleslerentur.”

352 3232 454 3304 XXI.
482 3234 630 3303 Actum
648 3229 776 3300 dehinc
794 3229 839 3300 de
856 3226 1048 3325 Calpurnio
1063 3226 1200 3318 Pisone,
1218 3254 1282 3305 no·

305 3350 368 3425 bili
386 3376 427 3423 ac
443 3346 551 3421 feroci
568 3347 655 3421 viro.
696 3349 915 3445 lanamque,
933 3368 972 3419 ut
989 3346 1103 3436 retuli,
1130 3354 1157 3390 ‘⁴
1175 3352 1284 3423 cefi'u·
1351 3378 1355 3389 ·

305 3477 333 3513 “
349 3496 429 3543 rum
443 3470 476 3542 se
494 3471 595 3541 Urbe
619 3470 668 3541 ob
680 3466 845 3541 sastiones
863 3465 1144 3557 accusatorum,’'
1165 3467 1202 3541 in
1232 3470 1283 3543 se·

302 3610 388 3662 natu
410 3588 668 3662 clamitaverat:
708 3592 742 3660 &
770 3583 882 3683 spretal
911 3586 1065 3683 potentis
1099 3588 1283 3686 Augusta,

305 3709 439 3780 trahere
455 3708 493 3779 in
503 3705 561 3804 jus
576 3703 827 3806 Urgulaniam,
842 3706 1022 3803 domoque
1038 3706 1207 3804 Principis
1224 3736 1286 3782 ex·

307 3825 376 3899 cire
391 3824 490 3899 ausus
507 3845 589 3899 erat.
640 3829 730 3924 Qrae
758 3825 795 3898 in
823 3822 1156 3922 prasenslTiberius
1173 3827 1285 3902 civili-

305 3962 357 4018 ter
373 3944 518 4019 habuit:
545 3945 603 4020 sod
618 3948 655 4019 in
670 3945 791 4027 animo
808 3946 1010 4020 revolvente
1021 3930 1105 4035 iras,
1132 3945 1236 4021 etiam
1261 3951 1285 4022 sr

771 4065 800 4135 P
826 4090 851 4155 4
