<?xml version="1.0" encoding="UTF-8"?>
<!DOCTYPE html PUBLIC "-//W3C//DTD XHTML 1.0 Transitional//EN"
    "http://www.w3.org/TR/xhtml1/DTD/xhtml1-transitional.dtd">
<html xmlns="http://www.w3.org/1999/xhtml" xml:lang="en" lang="en">
 <head>
  <title>
</title>
<meta http-equiv="Content-Type" content="text/html;charset=utf-8" />
  <meta name='ocr-system' content='tesseract 3.04.00' />
  <meta name='ocr-capabilities' content='ocr_page ocr_carea ocr_par ocr_line ocrx_word'/>
</head>
<body>
  <div class='ocr_page' id='page_1' title='image "./ccorneliitaciti04freigoog_0285.png"; bbox 0 0 3259 5284; ppageno 0'>
   <div class='ocr_carea' id='block_1_1' title="bbox 455 529 1253 629">
    <p class='ocr_par' dir='ltr' id='par_1_1' title="bbox 455 529 1253 629">
     <span class='ocr_line' id='line_1_1' title="bbox 455 529 1253 629; baseline 0.004 -31"><span class='ocrx_word' id='word_1_1' title='bbox 455 529 753 600; x_wconf 71' lang='lat' dir='ltr'><strong>Auunmun</strong></span> <span class='ocrx_word' id='word_1_2' title='bbox 783 529 895 601; x_wconf 80' lang='lat' dir='ltr'><strong>Lan.</strong></span> <span class='ocrx_word' id='word_1_3' title='bbox 927 529 988 619; x_wconf 91' lang='lat' dir='ltr'><strong>IV.</strong></span> <span class='ocrx_word' id='word_1_4' title='bbox 1184 552 1253 629; x_wconf 86' lang='lat'><strong>227</strong></span> 
     </span>
    </p>
   </div>
   <div class='ocr_carea' id='block_1_2' title="bbox 169 680 1261 3997">
    <p class='ocr_par' dir='ltr' id='par_1_2' title="bbox 169 680 1254 1273">
     <span class='ocr_line' id='line_1_2' title="bbox 169 680 1254 799; baseline 0.003 -31"><span class='ocrx_word' id='word_1_5' title='bbox 169 723 175 733; x_wconf 93' lang='lat'><em>·</em></span> <span class='ocrx_word' id='word_1_6' title='bbox 282 692 368 769; x_wconf 92' lang='lat' dir='ltr'><strong>senti</strong></span> <span class='ocrx_word' id='word_1_7' title='bbox 396 698 563 794; x_wconf 67' lang='lat' dir='ltr'><strong>potentii,</strong></span> <span class='ocrx_word' id='word_1_8' title='bbox 594 702 738 775; x_wconf 89' lang='lat' dir='ltr'><strong>credunt</strong></span> <span class='ocrx_word' id='word_1_9' title='bbox 764 701 939 799; x_wconf 83' lang='lat' dir='ltr'><strong>exstingui</strong></span> <span class='ocrx_word' id='word_1_10' title='bbox 969 700 1065 798; x_wconf 83' lang='lat' dir='ltr'><strong>posse</strong></span> <span class='ocrx_word' id='word_1_11' title='bbox 1082 680 1188 772; x_wconf 88' lang='lat' dir='ltr'><strong>etiam</strong></span> <span class='ocrx_word' id='word_1_12' title='bbox 1204 699 1254 771; x_wconf 88' lang='lat' dir='ltr'><strong>se-</strong></span> 
     </span>
     <span class='ocr_line' id='line_1_3' title="bbox 283 816 1253 925; baseline 0.004 -39"><span class='ocrx_word' id='word_1_13' title='bbox 283 816 421 911; x_wconf 86' lang='lat' dir='ltr'><strong>quentis</strong></span> <span class='ocrx_word' id='word_1_14' title='bbox 440 817 510 891; x_wconf 86' lang='lat' dir='ltr'><strong>aevi</strong></span> <span class='ocrx_word' id='word_1_15' title='bbox 526 819 744 893; x_wconf 83' lang='lat' dir='ltr'><strong>memoriam.</strong></span> <span class='ocrx_word' id='word_1_16' title='bbox 793 823 888 893; x_wconf 89' lang='lat' dir='ltr'><strong>Nam</strong></span> <span class='ocrx_word' id='word_1_17' title='bbox 905 820 1039 909; x_wconf 73' lang='lat' dir='ltr'><strong>contra,</strong></span> <span class='ocrx_word' id='word_1_18' title='bbox 1057 816 1184 925; x_wconf 84' lang='lat' dir='ltr'><strong>punitis</strong></span> <span class='ocrx_word' id='word_1_19' title='bbox 1199 817 1253 890; x_wconf 93' lang='lat' dir='ltr'><strong>in-</strong></span> 
     </span>
     <span class='ocr_line' id='line_1_4' title="bbox 258 932 1252 1037; baseline 0.003 -32"><span class='ocrx_word' id='word_1_20' title='bbox 258 948 261 953; x_wconf 84' lang='grc'><em>“</em></span> <span class='ocrx_word' id='word_1_21' title='bbox 283 932 406 1029; x_wconf 84' lang='lat' dir='ltr'><strong>geniis,</strong></span> <span class='ocrx_word' id='word_1_22' title='bbox 434 935 545 1033; x_wconf 86' lang='lat' dir='ltr'>gliscit</span> <span class='ocrx_word' id='word_1_23' title='bbox 570 937 775 1011; x_wconf 74' lang='lat' dir='ltr'><strong>aussoritas:</strong></span> <span class='ocrx_word' id='word_1_24' title='bbox 807 964 922 1037; x_wconf 90' lang='lat' dir='ltr'><strong>neque</strong></span> <span class='ocrx_word' id='word_1_25' title='bbox 934 938 1029 1011; x_wconf 92' lang='lat' dir='ltr'><strong>aliud</strong></span> <span class='ocrx_word' id='word_1_26' title='bbox 1048 936 1182 1010; x_wconf 82' lang='lat' dir='ltr'>externi</span> <span class='ocrx_word' id='word_1_27' title='bbox 1200 959 1252 1008; x_wconf 88' lang='lat' dir='ltr'><strong>re·</strong></span> 
     </span>
     <span class='ocr_line' id='line_1_5' title="bbox 283 1055 1252 1152; baseline 0.003 -28"><span class='ocrx_word' id='word_1_28' title='bbox 283 1076 356 1149; x_wconf 86' lang='lat' dir='ltr'><strong>ges,</strong></span> <span class='ocrx_word' id='word_1_29' title='bbox 379 1073 438 1125; x_wconf 91' lang='lat' dir='ltr'><strong>aut</strong></span> <span class='ocrx_word' id='word_1_30' title='bbox 465 1056 527 1152; x_wconf 93' lang='lat' dir='ltr'><strong>qui</strong></span> <span class='ocrx_word' id='word_1_31' title='bbox 542 1056 664 1129; x_wconf 60' lang='lat' dir='ltr'><strong>eadem</strong></span> <span class='ocrx_word' id='word_1_32' title='bbox 680 1056 807 1130; x_wconf 72' lang='lat' dir='ltr'><strong>saevitia</strong></span> <span class='ocrx_word' id='word_1_33' title='bbox 831 1061 879 1130; x_wconf 75' lang='lat' dir='ltr'><strong>usi</strong></span> <span class='ocrx_word' id='word_1_34' title='bbox 906 1055 998 1146; x_wconf 90' lang='lat' dir='ltr'><strong>sunt,</strong></span> <span class='ocrx_word' id='word_1_35' title='bbox 1021 1055 1081 1129; x_wconf 91' lang='lat' dir='ltr'><strong>nifi</strong></span> <span class='ocrx_word' id='word_1_36' title='bbox 1102 1056 1252 1128; x_wconf 85' lang='lat' dir='ltr'>dedecus</span> 
     </span>
     <span class='ocr_line' id='line_1_6' title="bbox 281 1169 952 1273; baseline 0.009 -31"><span class='ocrx_word' id='word_1_37' title='bbox 281 1169 357 1259; x_wconf 83' lang='lat' dir='ltr'><strong>fibi,</strong></span> <span class='ocrx_word' id='word_1_38' title='bbox 383 1192 488 1269; x_wconf 87' lang='lat' dir='ltr'><strong>atque</strong></span> <span class='ocrx_word' id='word_1_39' title='bbox 512 1172 579 1248; x_wconf 91' lang='lat' dir='ltr'><strong>illis</strong></span> <span class='ocrx_word' id='word_1_40' title='bbox 604 1175 754 1273; x_wconf 84' lang='lat' dir='ltr'><strong>gloriam</strong></span> <span class='ocrx_word' id='word_1_41' title='bbox 778 1176 952 1273; x_wconf 68' lang='lat' dir='ltr'><strong>peperere.</strong></span> 
     </span>
    </p>

    <p class='ocr_par' dir='ltr' id='par_1_3' title="bbox 242 1291 1261 3380">
     <span class='ocr_line' id='line_1_7' title="bbox 328 1291 1250 1391; baseline 0 -28"><span class='ocrx_word' id='word_1_42' title='bbox 328 1292 502 1365; x_wconf 89' lang='lat' dir='ltr'><strong>XXXVI.</strong></span> <span class='ocrx_word' id='word_1_43' title='bbox 526 1294 723 1366; x_wconf 72' lang='lat' dir='ltr'><strong>Caranum</strong></span> <span class='ocrx_word' id='word_1_44' title='bbox 741 1292 956 1391; x_wconf 90' lang='lat' dir='ltr'><strong>postulandis</strong></span> <span class='ocrx_word' id='word_1_45' title='bbox 979 1291 1058 1382; x_wconf 90' lang='lat' dir='ltr'><strong>reis,</strong></span> <span class='ocrx_word' id='word_1_46' title='bbox 1080 1312 1250 1365; x_wconf 89' lang='lat' dir='ltr'><strong>tamcon·</strong></span> 
     </span>
     <span class='ocr_line' id='line_1_8' title="bbox 280 1405 1250 1502; baseline 0 -21"><span class='ocrx_word' id='word_1_47' title='bbox 280 1405 396 1482; x_wconf 90' lang='lat' dir='ltr'><strong>tinuus</strong></span> <span class='ocrx_word' id='word_1_48' title='bbox 413 1436 524 1483; x_wconf 89' lang='lat' dir='ltr'><strong>annus</strong></span> <span class='ocrx_word' id='word_1_49' title='bbox 539 1409 617 1502; x_wconf 88' lang='lat' dir='ltr'><strong>fuit,</strong></span> <span class='ocrx_word' id='word_1_50' title='bbox 645 1431 683 1485; x_wconf 89' lang='lat' dir='ltr'><strong>ut</strong></span> <span class='ocrx_word' id='word_1_51' title='bbox 709 1410 869 1484; x_wconf 85' lang='lat' dir='ltr'><strong>feriarum</strong></span> <span class='ocrx_word' id='word_1_52' title='bbox 889 1410 1096 1483; x_wconf 88' lang='lat' dir='ltr'><strong>Latinarum</strong></span> <span class='ocrx_word' id='word_1_53' title='bbox 1112 1409 1250 1500; x_wconf 88' lang='lat' dir='ltr'><strong>diebus,</strong></span> 
     </span>
     <span class='ocr_line' id='line_1_9' title="bbox 277 1525 1253 1626; baseline 0.001 -27"><span class='ocrx_word' id='word_1_54' title='bbox 277 1525 486 1603; x_wconf 67' lang='lat' dir='ltr'><strong>Praeseslum</strong></span> <span class='ocrx_word' id='word_1_55' title='bbox 501 1531 609 1604; x_wconf 90' lang='lat' dir='ltr'>Urbis</span> <span class='ocrx_word' id='word_1_56' title='bbox 635 1529 805 1619; x_wconf 88' lang='lat' dir='ltr'><strong>Drusum,</strong></span> <span class='ocrx_word' id='word_1_57' title='bbox 833 1529 1031 1626; x_wconf 87' lang='lat' dir='ltr'><strong>auspicandi</strong></span> <span class='ocrx_word' id='word_1_58' title='bbox 1059 1528 1167 1626; x_wconf 65' lang='lat' dir='ltr'><strong>gratis</strong></span> <span class='ocrx_word' id='word_1_59' title='bbox 1189 1528 1253 1600; x_wconf 64' lang='lat' dir='ltr'><strong>tri·v</strong></span> 
     </span>
     <span class='ocr_line' id='line_1_10' title="bbox 279 1644 1250 1745; baseline 0.001 -28"><span class='ocrx_word' id='word_1_60' title='bbox 279 1647 392 1720; x_wconf 91' lang='lat' dir='ltr'><strong>bunal</strong></span> <span class='ocrx_word' id='word_1_61' title='bbox 426 1647 630 1745; x_wconf 83' lang='lat' dir='ltr'><strong>ingressum,</strong></span> <span class='ocrx_word' id='word_1_62' title='bbox 674 1648 797 1721; x_wconf 87' lang='lat' dir='ltr'><strong>adierit</strong></span> <span class='ocrx_word' id='word_1_63' title='bbox 825 1648 1032 1745; x_wconf 83' lang='lat' dir='ltr'><strong>Calpurnius</strong></span> <span class='ocrx_word' id='word_1_64' title='bbox 1070 1644 1250 1721; x_wconf 86' lang='lat' dir='ltr'><strong>Salvianus</strong></span> 
     </span>
     <span class='ocr_line' id='line_1_11' title="bbox 280 1761 1250 1864; baseline 0.003 -30"><span class='ocrx_word' id='word_1_65' title='bbox 280 1761 317 1835; x_wconf 94' lang='lat' dir='ltr'><strong>in</strong></span> <span class='ocrx_word' id='word_1_66' title='bbox 340 1764 418 1837; x_wconf 88' lang='lat' dir='ltr'>Sex.</span> <span class='ocrx_word' id='word_1_67' title='bbox 432 1765 613 1839; x_wconf 90' lang='lat' dir='ltr'><strong>Marium:</strong></span> <span class='ocrx_word' id='word_1_68' title='bbox 646 1768 792 1863; x_wconf 87' lang='lat' dir='ltr'><strong>quoda</strong></span> <span class='ocrx_word' id='word_1_69' title='bbox 815 1765 948 1840; x_wconf 84' lang='lat' dir='ltr'><strong>Caesare</strong></span> <span class='ocrx_word' id='word_1_70' title='bbox 964 1767 1080 1864; x_wconf 87' lang='lat' dir='ltr'><strong>palam</strong></span> <span class='ocrx_word' id='word_1_71' title='bbox 1103 1764 1250 1861; x_wconf 90' lang='lat' dir='ltr'><strong>increpi-</strong></span> 
     </span>
     <span class='ocr_line' id='line_1_12' title="bbox 277 1881 1250 1983; baseline 0.002 -29"><span class='ocrx_word' id='word_1_72' title='bbox 277 1899 368 1972; x_wconf 88' lang='lat' dir='ltr'><strong>tum,</strong></span> <span class='ocrx_word' id='word_1_73' title='bbox 396 1881 496 1956; x_wconf 89' lang='lat' dir='ltr'><strong>causa</strong></span> <span class='ocrx_word' id='word_1_74' title='bbox 521 1883 628 1957; x_wconf 81' lang='lat' dir='ltr'><strong>exfilii</strong></span> <span class='ocrx_word' id='word_1_75' title='bbox 644 1885 804 1957; x_wconf 83' lang='lat' dir='ltr'><strong>Salviano</strong></span> <span class='ocrx_word' id='word_1_76' title='bbox 821 1884 898 1959; x_wconf 78' lang='lat' dir='ltr'><strong>suit.</strong></span> <span class='ocrx_word' id='word_1_77' title='bbox 947 1884 1093 1983; x_wconf 70' lang='lat' dir='ltr'><strong>Objesla</strong></span> <span class='ocrx_word' id='word_1_78' title='bbox 1109 1883 1250 1981; x_wconf 70' lang='lat' dir='ltr'><strong>publice</strong></span> 
     </span>
     <span class='ocr_line' id='line_1_13' title="bbox 277 1998 1250 2101; baseline 0.004 -30"><span class='ocrx_word' id='word_1_79' title='bbox 277 1998 462 2095; x_wconf 82' lang='lat' dir='ltr'><strong>Cyzicenis</strong></span> <span class='ocrx_word' id='word_1_80' title='bbox 483 2010 510 2045; x_wconf 89' lang='lat'><strong>“</strong></span> <span class='ocrx_word' id='word_1_81' title='bbox 528 2003 660 2077; x_wconf 89' lang='lat' dir='ltr'><strong>incuria</strong></span> <span class='ocrx_word' id='word_1_82' title='bbox 676 2003 951 2077; x_wconf 87' lang='lat' dir='ltr'><strong>caerimoniarum</strong></span> <span class='ocrx_word' id='word_1_83' title='bbox 967 2003 1041 2077; x_wconf 82' lang='lat' dir='ltr'><strong>divi</strong></span> <span class='ocrx_word' id='word_1_84' title='bbox 1059 2002 1250 2101; x_wconf 83' lang='lat' dir='ltr'><strong>Augusti,”</strong></span> 
     </span>
     <span class='ocr_line' id='line_1_14' title="bbox 276 2118 1248 2196; baseline 0.003 -5"><span class='ocrx_word' id='word_1_85' title='bbox 276 2118 402 2193; x_wconf 83' lang='lat' dir='ltr'><strong>additis</strong></span> <span class='ocrx_word' id='word_1_86' title='bbox 424 2125 452 2163; x_wconf 93' lang='lat'><strong>“</strong></span> <span class='ocrx_word' id='word_1_87' title='bbox 464 2121 634 2195; x_wconf 83' lang='lat' dir='ltr'><strong>violentiae</strong></span> <span class='ocrx_word' id='word_1_88' title='bbox 646 2122 849 2196; x_wconf 89' lang='lat' dir='ltr'><strong>criminibus</strong></span> <span class='ocrx_word' id='word_1_89' title='bbox 861 2122 1047 2196; x_wconf 74' lang='lat' dir='ltr'><strong>adversum</strong></span> <span class='ocrx_word' id='word_1_90' title='bbox 1065 2122 1158 2195; x_wconf 91' lang='lat' dir='ltr'><strong>cives</strong></span> <span class='ocrx_word' id='word_1_91' title='bbox 1171 2125 1248 2196; x_wconf 90' lang='lat' dir='ltr'><strong>Ro-</strong></span> 
     </span>
     <span class='ocr_line' id='line_1_15' title="bbox 278 2240 1247 2337; baseline 0.001 -26"><span class='ocrx_word' id='word_1_92' title='bbox 278 2243 307 2280; x_wconf 90' lang='lat'><strong>“</strong></span> <span class='ocrx_word' id='word_1_93' title='bbox 324 2262 447 2315; x_wconf 89' lang='lat' dir='ltr'><strong>manos</strong></span> <span class='ocrx_word' id='word_1_94' title='bbox 462 2242 500 2315; x_wconf 81' lang='lat'><strong>:’&#39;</strong></span> <span class='ocrx_word' id='word_1_95' title='bbox 523 2245 558 2317; x_wconf 75' lang='grc' dir='ltr'><strong>ὅτ</strong></span> <span class='ocrx_word' id='word_1_96' title='bbox 570 2242 715 2316; x_wconf 75' lang='lat' dir='ltr'><strong>amisere</strong></span> <span class='ocrx_word' id='word_1_97' title='bbox 730 2240 936 2331; x_wconf 89' lang='lat' dir='ltr'><strong>libertatem,</strong></span> <span class='ocrx_word' id='word_1_98' title='bbox 950 2266 1054 2337; x_wconf 88' lang='lat' dir='ltr'><strong>quam</strong></span> <span class='ocrx_word' id='word_1_99' title='bbox 1067 2240 1159 2311; x_wconf 91' lang='lat' dir='ltr'><strong>bello</strong></span> <span class='ocrx_word' id='word_1_100' title='bbox 1172 2240 1247 2312; x_wconf 89' lang='lat' dir='ltr'><strong>Mi-</strong></span> 
     </span>
     <span class='ocr_line' id='line_1_16' title="bbox 275 2356 1247 2449; baseline 0.003 -21"><span class='ocrx_word' id='word_1_101' title='bbox 275 2356 433 2433; x_wconf 86' lang='lat' dir='ltr'><strong>thridatis</strong></span> <span class='ocrx_word' id='word_1_102' title='bbox 471 2378 663 2433; x_wconf 83' lang='lat' dir='ltr'><strong>meruerant</strong></span> <span class='ocrx_word' id='word_1_103' title='bbox 687 2358 905 2449; x_wconf 75' lang='lat' dir='ltr'><strong>circumsessi,</strong></span> <span class='ocrx_word' id='word_1_104' title='bbox 947 2382 1011 2431; x_wconf 89' lang='lat' dir='ltr'><strong>nec</strong></span> <span class='ocrx_word' id='word_1_105' title='bbox 1042 2356 1157 2430; x_wconf 74' lang='lat' dir='ltr'><strong>minb&#39;s</strong></span> <span class='ocrx_word' id='word_1_106' title='bbox 1188 2356 1247 2432; x_wconf 70' lang='lat' dir='ltr'><strong>sua</strong></span> 
     </span>
     <span class='ocr_line' id='line_1_17' title="bbox 276 2472 1261 2575; baseline 0 -26"><span class='ocrx_word' id='word_1_107' title='bbox 276 2475 478 2568; x_wconf 68' lang='lat' dir='ltr'><strong>constantia,</strong></span> <span class='ocrx_word' id='word_1_108' title='bbox 506 2480 615 2575; x_wconf 73' lang='lat' dir='ltr'><strong>quam</strong></span> <span class='ocrx_word' id='word_1_109' title='bbox 646 2479 802 2575; x_wconf 77' lang='lat' dir='ltr'><strong>praesidio</strong></span> <span class='ocrx_word' id='word_1_110' title='bbox 825 2476 981 2566; x_wconf 89' lang='lat' dir='ltr'><strong>Luculli,</strong></span> <span class='ocrx_word' id='word_1_111' title='bbox 1018 2472 1117 2572; x_wconf 91' lang='lat' dir='ltr'><strong>pulso</strong></span> <span class='ocrx_word' id='word_1_112' title='bbox 1153 2500 1261 2573; x_wconf 67' lang='lat' dir='ltr'><strong>rege.</strong></span> 
     </span>
     <span class='ocr_line' id='line_1_18' title="bbox 242 2593 1246 2696; baseline -0.004 -27"><span class='ocrx_word' id='word_1_113' title='bbox 242 2693 244 2696; x_wconf 16' lang='grc' dir='ltr'>Ι</span> <span class='ocrx_word' id='word_1_114' title='bbox 275 2598 326 2669; x_wconf 86' lang='lat' dir='ltr'><strong>At</strong></span> <span class='ocrx_word' id='word_1_115' title='bbox 353 2596 515 2669; x_wconf 86' lang='lat' dir='ltr'><strong>Fonteius</strong></span> <span class='ocrx_word' id='word_1_116' title='bbox 531 2596 670 2693; x_wconf 86' lang='lat' dir='ltr'><strong>Capito,</strong></span> <span class='ocrx_word' id='word_1_117' title='bbox 695 2595 757 2691; x_wconf 92' lang='lat' dir='ltr'><strong>qui</strong></span> <span class='ocrx_word' id='word_1_118' title='bbox 770 2593 952 2691; x_wconf 90' lang='lat' dir='ltr'><strong>proconsul</strong></span> <span class='ocrx_word' id='word_1_119' title='bbox 964 2597 1083 2666; x_wconf 78' lang='lat' dir='ltr'><strong>Asiam</strong></span> <span class='ocrx_word' id='word_1_120' title='bbox 1102 2618 1246 2667; x_wconf 88' lang='lat' dir='ltr'><strong>curave-</strong></span> 
     </span>
     <span class='ocr_line' id='line_1_19' title="bbox 274 2711 1244 2809; baseline -0.001 -23"><span class='ocrx_word' id='word_1_121' title='bbox 274 2731 338 2802; x_wconf 89' lang='lat' dir='ltr'><strong>rat,</strong></span> <span class='ocrx_word' id='word_1_122' title='bbox 360 2712 560 2803; x_wconf 84' lang='lat' dir='ltr'><strong>absolvitur,</strong></span> <span class='ocrx_word' id='word_1_123' title='bbox 586 2732 766 2809; x_wconf 87' lang='lat' dir='ltr'><strong>comperto</strong></span> <span class='ocrx_word' id='word_1_124' title='bbox 785 2714 868 2787; x_wconf 76' lang='lat' dir='ltr'><strong>fieta</strong></span> <span class='ocrx_word' id='word_1_125' title='bbox 904 2711 940 2785; x_wconf 94' lang='lat' dir='ltr'><strong>in</strong></span> <span class='ocrx_word' id='word_1_126' title='bbox 972 2738 1055 2785; x_wconf 89' lang='lat' dir='ltr'><strong>eum</strong></span> <span class='ocrx_word' id='word_1_127' title='bbox 1084 2712 1244 2803; x_wconf 89' lang='lat' dir='ltr'><strong>crimina,</strong></span> 
     </span>
     <span class='ocr_line' id='line_1_20' title="bbox 273 2830 1245 2932; baseline 0.001 -29"><span class='ocrx_word' id='word_1_128' title='bbox 273 2856 337 2932; x_wconf 88' lang='lat' dir='ltr'><strong>per</strong></span> <span class='ocrx_word' id='word_1_129' title='bbox 369 2831 514 2905; x_wconf 90' lang='lat' dir='ltr'><strong>Vibium</strong></span> <span class='ocrx_word' id='word_1_130' title='bbox 540 2835 731 2905; x_wconf 86' lang='lat' dir='ltr'><strong>Serenum:</strong></span> <span class='ocrx_word' id='word_1_131' title='bbox 766 2857 882 2929; x_wconf 87' lang='lat' dir='ltr'><strong>neque</strong></span> <span class='ocrx_word' id='word_1_132' title='bbox 906 2850 1022 2904; x_wconf 89' lang='lat' dir='ltr'><strong>tamen</strong></span> <span class='ocrx_word' id='word_1_133' title='bbox 1054 2830 1092 2903; x_wconf 89' lang='lat' dir='ltr'><strong>id</strong></span> <span class='ocrx_word' id='word_1_134' title='bbox 1117 2833 1245 2905; x_wconf 87' lang='lat' dir='ltr'><strong>Sereno·</strong></span> 
     </span>
     <span class='ocr_line' id='line_1_21' title="bbox 272 2946 1244 3050; baseline -0.002 -27"><span class='ocrx_word' id='word_1_135' title='bbox 272 2974 376 3025; x_wconf 85' lang='lat' dir='ltr'><strong>noxae</strong></span> <span class='ocrx_word' id='word_1_136' title='bbox 401 2950 479 3042; x_wconf 88' lang='lat' dir='ltr'><strong>suit,</strong></span> <span class='ocrx_word' id='word_1_137' title='bbox 503 2978 610 3050; x_wconf 88' lang='lat' dir='ltr'><strong>quem</strong></span> <span class='ocrx_word' id='word_1_138' title='bbox 637 2950 759 3024; x_wconf 89' lang='lat' dir='ltr'><strong>odium</strong></span> <span class='ocrx_word' id='word_1_139' title='bbox 785 2950 969 3047; x_wconf 90' lang='lat' dir='ltr'><strong>publicum</strong></span> <span class='ocrx_word' id='word_1_140' title='bbox 996 2948 1159 3021; x_wconf 91' lang='lat' dir='ltr'><strong>tutiorem</strong></span> <span class='ocrx_word' id='word_1_141' title='bbox 1192 2946 1244 3021; x_wconf 79' lang='lat' dir='ltr'><strong>fa-¹</strong></span> 
     </span>
     <span class='ocr_line' id='line_1_22' title="bbox 272 3066 1245 3167; baseline -0.001 -25"><span class='ocrx_word' id='word_1_142' title='bbox 272 3069 408 3142; x_wconf 85' lang='lat' dir='ltr'><strong>ciebat:</strong></span> <span class='ocrx_word' id='word_1_143' title='bbox 444 3087 526 3143; x_wconf 87' lang='lat' dir='ltr'><strong>nam</strong></span> <span class='ocrx_word' id='word_1_144' title='bbox 566 3088 606 3143; x_wconf 92' lang='lat' dir='ltr'><strong>ut</strong></span> <span class='ocrx_word' id='word_1_145' title='bbox 630 3068 707 3167; x_wconf 88' lang='lat' dir='ltr'><strong>quis</strong></span> <span class='ocrx_word' id='word_1_146' title='bbox 728 3068 909 3141; x_wconf 72' lang='lat' dir='ltr'><strong>districtior</strong></span> <span class='ocrx_word' id='word_1_147' title='bbox 936 3067 1124 3156; x_wconf 90' lang='lat' dir='ltr'><strong>accusator,</strong></span> <span class='ocrx_word' id='word_1_148' title='bbox 1147 3066 1245 3141; x_wconf 80' lang='lat' dir='ltr'><strong>velut</strong></span> 
     </span>
     <span class='ocr_line' id='line_1_23' title="bbox 270 3184 1244 3289; baseline -0.003 -27"><span class='ocrx_word' id='word_1_149' title='bbox 270 3185 498 3262; x_wconf 64' lang='lat' dir='ltr'><strong>sacrosanftus</strong></span> <span class='ocrx_word' id='word_1_150' title='bbox 531 3208 628 3262; x_wconf 80' lang='lat' dir='ltr'><strong>erat:</strong></span> <span class='ocrx_word' id='word_1_151' title='bbox 665 3188 772 3278; x_wconf 84' lang='lat' dir='ltr'><strong>leves,</strong></span> <span class='ocrx_word' id='word_1_152' title='bbox 803 3186 988 3289; x_wconf 82' lang='lat' dir='ltr'><strong>ignobiles,</strong></span> <span class='ocrx_word' id='word_1_153' title='bbox 1016 3184 1129 3282; x_wconf 86' lang='lat' dir='ltr'><strong>poenis</strong></span> <span class='ocrx_word' id='word_1_154' title='bbox 1155 3186 1244 3259; x_wconf 88' lang='lat' dir='ltr'><strong>adfi-</strong></span> 
     </span>
     <span class='ocr_line' id='line_1_24' title="bbox 270 3305 737 3380; baseline -0.006 0"><span class='ocrx_word' id='word_1_155' title='bbox 270 3305 463 3380; x_wconf 88' lang='lat' dir='ltr'><strong>ciebantur.</strong></span> <span class='ocrx_word' id='word_1_156' title='bbox 733 3313 737 3319; x_wconf 83' lang='lat'>&#39;</span> 
     </span>
    </p>

    <p class='ocr_par' dir='ltr' id='par_1_4' title="bbox 267 3422 1244 3997">
     <span class='ocr_line' id='line_1_25' title="bbox 318 3422 1242 3523; baseline -0.003 -23"><span class='ocrx_word' id='word_1_157' title='bbox 318 3428 509 3500; x_wconf 89' lang='lat' dir='ltr'><strong>XXXVII.</strong></span> <span class='ocrx_word' id='word_1_158' title='bbox 534 3428 615 3499; x_wconf 69' lang='lat' dir='ltr'><strong>Pan</strong></span> <span class='ocrx_word' id='word_1_159' title='bbox 633 3425 728 3499; x_wconf 91' lang='lat' dir='ltr'><strong>idem</strong></span> <span class='ocrx_word' id='word_1_160' title='bbox 745 3446 885 3523; x_wconf 86' lang='lat' dir='ltr'><strong>tempus</strong></span> <span class='ocrx_word' id='word_1_161' title='bbox 901 3422 1073 3522; x_wconf 83' lang='lat' dir='ltr'><strong>Hispania</strong></span> <span class='ocrx_word' id='word_1_162' title='bbox 1087 3423 1242 3512; x_wconf 83' lang='lat' dir='ltr'><strong>ulterior,¹</strong></span> 
     </span>
     <span class='ocr_line' id='line_1_26' title="bbox 270 3543 1244 3643; baseline -0.004 -26"><span class='ocrx_word' id='word_1_163' title='bbox 270 3544 374 3617; x_wconf 77' lang='lat' dir='ltr'><strong>missis</strong></span> <span class='ocrx_word' id='word_1_164' title='bbox 400 3545 446 3617; x_wconf 88' lang='lat' dir='ltr'><strong>ad</strong></span> <span class='ocrx_word' id='word_1_165' title='bbox 474 3544 628 3619; x_wconf 89' lang='lat' dir='ltr'><strong>senatum</strong></span> <span class='ocrx_word' id='word_1_166' title='bbox 663 3545 798 3643; x_wconf 85' lang='lat' dir='ltr'><strong>legatis,</strong></span> <span class='ocrx_word' id='word_1_167' title='bbox 823 3544 947 3632; x_wconf 89' lang='lat' dir='ltr'><strong>oravit,</strong></span> <span class='ocrx_word' id='word_1_168' title='bbox 979 3551 1006 3587; x_wconf 91' lang='lat'>“</span> <span class='ocrx_word' id='word_1_169' title='bbox 1022 3562 1061 3615; x_wconf 88' lang='lat' dir='ltr'><strong>ut</strong></span> <span class='ocrx_word' id='word_1_170' title='bbox 1078 3543 1244 3638; x_wconf 84' lang='lat' dir='ltr'><strong>exemplo</strong></span> 
     </span>
     <span class='ocr_line' id='line_1_27' title="bbox 270 3660 1241 3759; baseline 0 -26"><span class='ocrx_word' id='word_1_171' title='bbox 270 3668 299 3705; x_wconf 79' lang='lat'><strong>‘⁴</strong></span> <span class='ocrx_word' id='word_1_172' title='bbox 317 3665 407 3734; x_wconf 81' lang='lat' dir='ltr'><strong>Asrae</strong></span> <span class='ocrx_word' id='word_1_173' title='bbox 430 3665 616 3739; x_wconf 85' lang='lat' dir='ltr'><strong>delubrum</strong></span> <span class='ocrx_word' id='word_1_174' title='bbox 651 3665 796 3738; x_wconf 89' lang='lat' dir='ltr'><strong>Tiberio</strong></span> <span class='ocrx_word' id='word_1_175' title='bbox 817 3662 988 3759; x_wconf 87' lang='lat' dir='ltr'><strong>matrique</strong></span> <span class='ocrx_word' id='word_1_176' title='bbox 1014 3660 1085 3759; x_wconf 85' lang='lat' dir='ltr'><strong>ejus</strong></span> <span class='ocrx_word' id='word_1_177' title='bbox 1108 3660 1241 3735; x_wconf 80' lang='lat' dir='ltr'><strong>exstru-</strong></span> 
     </span>
     <span class='ocr_line' id='line_1_28' title="bbox 268 3778 1242 3878; baseline 0.006 -29"><span class='ocrx_word' id='word_1_178' title='bbox 268 3784 298 3821; x_wconf 87' lang='lat'><strong>“</strong></span> <span class='ocrx_word' id='word_1_179' title='bbox 316 3782 434 3851; x_wconf 84' lang='lat' dir='ltr'><strong>eret:”</strong></span> <span class='ocrx_word' id='word_1_180' title='bbox 470 3786 539 3878; x_wconf 74' lang='lat' dir='ltr'><strong>qua</strong></span> <span class='ocrx_word' id='word_1_181' title='bbox 578 3786 755 3857; x_wconf 76' lang='lat' dir='ltr'><strong>occasione</strong></span> <span class='ocrx_word' id='word_1_182' title='bbox 787 3781 914 3871; x_wconf 66' lang='lat' dir='ltr'><strong>Caesar,</strong></span> <span class='ocrx_word' id='word_1_183' title='bbox 948 3780 1082 3854; x_wconf 89' lang='lat' dir='ltr'><strong>validus</strong></span> <span class='ocrx_word' id='word_1_184' title='bbox 1109 3778 1242 3877; x_wconf 86' lang='lat' dir='ltr'><strong>alioqui</strong></span> 
     </span>
     <span class='ocr_line' id='line_1_29' title="bbox 267 3894 1242 3997; baseline -0.006 -22"><span class='ocrx_word' id='word_1_185' title='bbox 267 3894 466 3996; x_wconf 85' lang='lat' dir='ltr'><strong>spernendis</strong></span> <span class='ocrx_word' id='word_1_186' title='bbox 483 3900 687 3994; x_wconf 89' lang='lat' dir='ltr'><strong>honoribus,</strong></span> <span class='ocrx_word' id='word_1_187' title='bbox 717 3899 1050 3997; x_wconf 78' lang='lat' dir='ltr'><strong>&amp;respondendum</strong></span> <span class='ocrx_word' id='word_1_188' title='bbox 1075 3918 1166 3975; x_wconf 83' lang='lat' dir='ltr'><strong>ratus</strong></span> <span class='ocrx_word' id='word_1_189' title='bbox 1185 3897 1242 3989; x_wconf 87' lang='lat' dir='ltr'><strong>iis,</strong></span> 
     </span>
    </p>
   </div>
   <div class='ocr_carea' id='block_1_3' title="bbox 728 4016 810 4121">
    <p class='ocr_par' dir='ltr' id='par_1_5' title="bbox 728 4016 810 4121">
     <span class='ocr_line' id='line_1_30' title="bbox 728 4016 810 4121; baseline 0 -28"><span class='ocrx_word' id='word_1_190' title='bbox 728 4016 810 4121; x_wconf 70' lang='lat' dir='ltr'>Q</span> 
     </span>
    </p>
   </div>
   <div class='ocr_carea' id='block_1_4' title="bbox 0 0 1634 5284">
    <p class='ocr_par' dir='ltr' id='par_1_6' title="bbox 0 0 1634 5284">
     <span class='ocr_line' id='line_1_31' title="bbox 0 0 1634 5284; baseline 0 6"><span class='ocrx_word' id='word_1_191' title='bbox 0 0 1634 5284; x_wconf 95' lang='lat' dir='ltr'><strong> </strong></span> 
     </span>
    </p>
   </div>
  </div>
 </body>
</html>
