3259 5284
402 649 447 743 3‘0
655 647 696 720 C.
726 647 965 723 Conunrrr
988 650 1166 726 Tncrrr

448 818 622 893 XXXIII.
659 823 838 896 Iurnnrn
863 825 1073 898 Germanico
1085 849 1147 922 per
1164 826 1306 917 Gallias,
1332 847 1373 902 ut

399 938 566 1031 diximus,
581 939 698 1014 census
710 941 902 1038 accipienti,
930 946 1371 1044 “exceffiffeAugustum”

397 1057 560 1133 adfertur.
611 1063 767 1158 Neptem
791 1061 862 1160 ejus
892 1063 1126 1161 Agrippinam
1144 1065 1369 1140 inmatrimo-

396 1177 470 1268 nio,
497 1179 677 1278 pluresque
690 1207 733 1254 ex
747 1187 785 1254 ea
797 1183 921 1255 liberos
935 1183 1094 1256 habebat.
1143 1184 1218 1280 Ipse
1240 1187 1367 1279 Druso,

397 1293 500 1371 fraue
517 1299 662 1390 Tiberii,
688 1301 836 1398 genitus,
862 1303 1030 1400 Augustae
1057 1329 1191 1400 nepos:
1223 1305 1281 1379 scd
1305 1335 1364 1380 an-

398 1415 475 1490 xius
495 1419 635 1492 occultis
660 1420 694 1492 in
723 1419 755 1492 se
778 1419 888 1517 patrui
912 1422 1066 1518 aviaeque
1084 1422 1186 1512 odiis,
1217 1452 1369 1522 quorum

397 1535 505 1612 causae
522 1539 681 1630 acriores,
702 1540 783 1636 quia
795 1540 949 1638 iniquae:
976 1541 1109 1638 quippe
1124 1545 1225 1616 Drusi
1240 1571 1369 1642 magna

398 1657 492 1752 apud
522 1660 694 1753 populum
718 1662 922 1732 Romanum
947 1661 1126 1751 memoria,
1149 1664 1367 1737 credebatur·

398 1801 480 1873 que,
509 1781 531 1849 fi
556 1803 670 1850 rerum
685 1777 811 1874 potitus
824 1778 925 1868 foret,
943 1780 1135 1853 libertatem
1147 1781 1365 1856 redditurus:

396 1897 491 1968 unde
504 1896 539 1968 in
553 1898 801 1971 Germanicum
814 1897 926 1989 favor,
952 1903 986 1972 δι
1010 1897 1084 1994 spes
1102 1899 1234 1971 eadem.
1271 1904 1367 1976 Nam

388 2014 510 2114 juveni
532 2017 632 2090 civile
655 2017 848 2115 ingenium,
887 2017 973 2090 mira
993 2017 1149 2107 comitas,
1178 2023 1211 2092 δι
1237 2018 1368 2094 diversa

395 2161 418 2208 a
443 2135 576 2209 Tiberii
611 2135 779 2226 sermone,
809 2139 922 2227 vultu,
951 2137 1202 2234 adrogantibus⁴
1235 2143 1269 2210 ὃς
1302 2142 1366 2212 ob·

393 2251 507 2328 scuris.
558 2257 782 2329 Accedebant
821 2256 1004 2328 muliebres
1044 2256 1257 2347 offensiones,
1301 2285 1364 2331 no-

394 2373 587 2446 vercalibus
610 2373 723 2447 Liviae
746 2373 782 2446 in
805 2373 1040 2473 Agrippinam
1064 2373 1230 2448 stimulis:
1261 2397 1367 2474 atque

395 2489 466 2588 ipsa
484 2492 681 2589 Agrippina
707 2494 825 2588 paullo
840 2492 1063 2581 commotior,
1091 2493 1150 2566 nisi
1179 2494 1275 2590 quod
1296 2496 1366 2570 cas·

394 2611 502 2701 ritate,
532 2617 565 2684 br
584 2610 696 2684 mariti
713 2637 845 2702 amore,
870 2611 1029 2709 quamvis
1057 2611 1268 2687 indomitum
1291 2615 1363 2687 nni-

395 2755 495 2802 mum
512 2729 547 2802 in
563 2733 695 2804 bonum
709 2733 876 2804 vertebat.

457 2850 629 2923 XXXIV.
675 2852 748 2922 San
774 2853 1043 2924 Gnnnrnurcus
1069 2849 1198 2948 quantb
1219 2851 1363 2927 summae
1446 2853 1449 2858 ’

393 2969 463 3067 spei
500 2971 655 3067 propior,
690 2971 786 3044 tantb
814 2971 999 3067 impenfibs
1023 2995 1087 3066 pro
1118 2971 1261 3043 Tiberio
1290 2972 1363 3045 niti.

389 3091 565 3186 Sequanos
577 3090 771 3187 proximos,
798 3095 831 3162 δι
848 3091 1031 3187 Belgarum
1043 3089 1199 3163 civitates
1222 3088 1258 3160 in
1284 3117 1361 3171 ver-

393 3211 437 3282 ba
461 3207 531 3306 ejus
555 3209 674 3305 adigit.
724 3209 875 3296 Dehinc,
902 3208 1020 3280 audito
1033 3208 1214 3305 legionum
1229 3213 1361 3282 tumul·

391 3349 444 3417 tu,
470 3327 595 3424 raptim
624 3325 811 3423 profedtus,
834 3327 954 3399 obvias
976 3348 1073 3398 extra
1096 3327 1203 3418 castra
1225 3329 1361 3419 habuit,

392 3445 529 3544 dejestis
554 3445 588 3518 in
612 3465 740 3518 terram
752 3445 873 3534 oculis,
902 3448 997 3518 velut
1009 3444 1215 3541 paenitentia
1263 3446 1363 3520 Post-

393 3591 498 3662 quam
511 3566 642 3638 vallum
655 3563 743 3654 iniit,
768 3563 893 3636 diffoni
918 3565 1057 3662 questus
1080 3565 1190 3637 audiri
1202 3567 1362 3660 coepbre:

393 3689 426 3758 ὅτ
451 3684 594 3781 quidam
610 3687 730 3780 prens&
755 3709 862 3756 manu
889 3683 973 3782 ejus,
1003 3709 1064 3782 per
1091 3683 1239 3780 speciem
1263 3681 1362 3756 exos-

391 3803 542 3892 culandi,
579 3801 791 3877 inseruerunt
818 3803 962 3902 digitos,
1000 3824 1039 3876 ut
1063 3828 1173 3876 vacua
1201 3804 1364 3877 dentibus

392 3949 453 3996 ora
469 3923 706 4022 contingeret:
735 3923 791 3996 aIii
803 3945 943 3996 curvata
954 3921 1045 3995 senio
1068 3923 1226 3995 membra
1250 3923 1363 3994 osten-

391 4043 529 4120 debant.
580 4042 812 4117 Adfistentem
842 4043 1060 4132 concionem,
1086 4039 1167 4139 quia
1193 4039 1365 4139 permixta
