3259 5284
354 554 398 625 88
587 548 1101 624 C.C0nunn11Tnc1·rr

351 747 511 822 aegreque
526 722 653 815 vitatis,
673 725 856 822 postquam
874 727 1032 798 mutabat
1048 722 1162 812 aestus,
1179 723 1321 798 eridem·

351 869 421 940 que
443 843 515 939 qul>
538 865 662 916 ventus
681 841 834 929 ferebat;
861 869 932 916 non
954 845 1128 915 adhaerere
1149 843 1319 934 anchoris,

350 987 424 1034 non
441 962 619 1035 exhaurire
635 961 868 1057 inmmpentes
886 962 995 1035 undas
1012 981 1194 1058 poterant:
1225 962 1320 1060 equi,

344 1079 517 1178 jumenta,
542 1080 692 1170 sarcinae,
718 1081 820 1153 etiam
842 1107 937 1153 arma
955 1079 1226 1178 pracipitantur,
1250 1081 1321 1177 qul)

351 1202 546 1274 levarentur
578 1201 666 1273 alvei
698 1219 873 1273 manantes
906 1225 966 1297 per
994 1202 1111 1290 latera,
1147 1203 1180 1272 ὅτ
1213 1201 1321 1273 Ηυέὶυ

350 1316 607 1418 superurgente.

398 1439 535 1510 XXIV.
567 1443 742 1536 Quium
770 1439 954 1513 violentior
979 1458 1093 1512 cetero
1121 1436 1206 1510 mari
1230 1439 1321 1510 Oce-

350 1582 449 1646 anus,
470 1562 505 1630 &
532 1559 736 1631 truculentia
759 1558 835 1631 caeli
862 1558 997 1655 praestat
1022 1556 1220 1645 Germania,
1244 1578 1320 1629 tan-

350 1677 428 1748 tum
450 1676 510 1750 illa
532 1679 646 1749 clades
673 1677 824 1750 novitate
847 1684 880 1750 δι
906 1675 1148 1774 magnitudine
1169 1678 1319 1766 excelsu,

349 1795 529 1869 hostilibus
555 1797 687 1869 circum
716 1796 884 1886 litoribus,
909 1816 968 1868 aut
991 1795 1037 1867 ita
1063 1795 1157 1868 vasto
1182 1799 1214 1867 &
1240 1821 1320 1892 pro-

350 1913 477 2003 fundo,
492 1936 531 1988 ut
549 1916 708 1988 credatur
724 1915 945 1987 novissimum
962 1941 1001 1987 ac
1015 1918 1082 1987 fine
1097 1914 1191 1987 terris
1208 1939 1318 1986 mare:

349 2058 426 2128 pars
454 2033 597 2106 navium
630 2034 758 2106 haustae
784 2032 883 2119 sunt;
919 2034 1046 2129 plureS,
1080 2034 1173 2130 apud
1198 2032 1321 2106 insulas

350 2151 491 2248 longius
518 2156 590 2224 srtas
617 2149 757 2248 ejetmaz
793 2150 957 2248 milesque
985 2153 1082 2223 nullo
1108 2151 1178 2225 illic
1207 2153 1320 2226 homi·

349 2295 437 2342 num
464 2273 576 2358 cultu,
606 2268 697 2342 fame
725 2267 940 2366 absumptus,
971 2269 1032 2342 nisa
1061 2295 1148 2366 quos
1175 2296 1322 2368 corpora

349 2413 522 2483 equorum
544 2390 669 2460 endem
691 2385 770 2461 elisa
790 2389 1028 2484 tolerayerant.
1076 2389 1157 2461 Sola
1173 2391 1319 2463 Germa-

349 2505 420 2579 nici
447 2507 592 2584 triremis
621 2509 844 2580 Chaucorum
870 2525 993 2580 terram
1022 2507 1179 2602 adpulit3
1214 2533 1321 2604 quem

273 2613 277 2623 ’
349 2651 412 2722 per
434 2653 555 2700 omnes
576 2625 653 2702 illos
676 2626 749 2698 dies
770 2623 968 2722 noelesque,
991 2627 1084 2722 apud
1105 2624 1262 2722 scopulos
1285 2631 1319 2699 δι

349 2746 585 2844 prominentes
612 2771 702 2836 oras,
737 2746 819 2818 clim
853 2753 880 2788 “
897 2742 930 2817 se
958 2745 1045 2816 tanti
1074 2743 1169 2816 exitii
1197 2746 1320 2816 reum’'

347 2864 549 2955 clamitaret,
570 2863 634 2943 vix
652 2864 839 2938 cohibuere
856 2863 972 2955 amici,
991 2863 1177 2961 quominus
1195 2862 1320 2936 eodem

324 3045 329 3060 .
348 2984 439 3059 mari
455 3002 643 3081 oppeteret.
675 2985 840 3056 Tandem
853 2985 1027 3057 relabente
1044 2984 1141 3073 aestu,
1156 2985 1187 3054 δι
1200 2978 1320 3054 secun-

349 3103 454 3176 dante
469 3123 589 3192 vento,
614 3101 745 3178 claudae
763 3127 882 3191 naves,
910 3128 987 3174 raro
1005 3101 1164 3198 remigio,
1193 3120 1252 3172 aut
1266 3100 1319 3176 in-

349 3222 451 3294 tentis
474 3222 637 3311 vestibus,
665 3225 698 3294 δι
721 3220 881 3316 quaedam
903 3245 923 3298 a
947 3219 1168 3291 validioribus
1190 3221 1319 3309 traua,

349 3341 543 3412 revertere:
575 3365 660 3434 quas
683 3338 810 3433 raptim
835 3336 976 3412 refellas
1000 3338 1102 3427 mifit,
1131 3357 1171 3411 ut
1195 3338 1320 3411 scruta-

349 3479 467 3532 rentur
490 3456 637 3530 insulas:
667 3457 802 3529 colletli
825 3454 864 3529 eal
883 3459 965 3529 curel
987 3455 1165 3553 plerique:
1189 3459 1319 3530 multos

349 3576 551 3676 Angrivarii
582 3600 693 3672 nuper
723 3575 759 3646 in
791 3576 900 3647 fidem
932 3575 1080 3670 accepti,
1121 3576 1321 3673 redemptos

349 3699 395 3771 ab
416 3695 632 3778 interioribus
653 3692 856 3767 reddidere:
888 3693 1033 3791 quidam
1053 3692 1090 3764 in
1111 3693 1320 3767 Britanniam

349 3815 452 3911 rapti,
476 3817 509 3886 δι
526 3813 650 3888 remiffi
666 3839 686 3884 a
702 3812 843 3910 regulis.
892 3815 945 3884 Ut
969 3811 1046 3910 quis
1063 3836 1108 3885 ex
1124 3813 1320 3912 longinquo

348 3955 538 4024 revenerat,
573 3939 600 3976 “
617 3931 808 4014 naucum
839 3933 1036 4026 narrabant,
1066 3931 1185 4008 “vim
1209 3928 1318 4008 turbi,
