3259 5284
460 601 765 672 nnumin
798 597 908 672 Lrn.
941 598 1002 671 IV.
1173 620 1242 696 225

273 769 382 843 virtus
406 768 552 843 infensos
576 772 694 859 habet,
718 788 757 843 ut
783 768 885 841 nimis
911 794 955 842 ex
975 763 1171 864 propinquo
1189 764 1242 837 di·

275 887 371 961 versa
385 912 542 985 arguens.
591 890 660 961 Sed
675 889 720 960 ad
736 888 890 984 incoepta
905 888 1020 959 redeo·

323 1008 495 1079 XXXIV.
532 1008 741 1080 Conurmo
775 1008 892 1096 Cossu,
930 1004 1050 1079 Afinio
1085 1001 1244 1101 Agrippi

273 1119 495 1214 Consulibus,
508 1124 705 1197 Cremutius
716 1126 854 1197 Cordus
866 1123 1070 1221 postulatur,
1088 1147 1183 1194 novo
1202 1145 1243 1193 ac

273 1258 357 1314 tunc
376 1241 531 1338 primum
555 1242 675 1316 audito
696 1241 854 1332 crimine,
879 1241 990 1339 quod,
1016 1240 1114 1313 editis
1136 1265 1242 1312 anna-

274 1359 379 1449 libus,
404 1361 614 1457 landatoque
645 1364 703 1434 M.
720 1364 840 1451 Erum,
863 1362 905 1433 C.
922 1361 1072 1432 Cassium
1092 1358 1242 1428 Romano-

273 1504 343 1551 rum
358 1482 501 1550 ultimum
518 1479 667 1552 dixisset.
718 1476 935 1553 Accusabant
962 1475 1089 1549 Satrius
1114 1477 1241 1547 Secun-

272 1598 351 1686 dus,
375 1602 408 1669 &
431 1597 586 1671 Pinarius
607 1600 728 1687 Natta,
751 1596 862 1694 Sejani
880 1596 1045 1667 clientes:
1072 1594 1107 1667 id
1130 1593 1242 1689 perni-
1313 1604 1316 1617 '

272 1713 397 1787 ciabile
413 1739 487 1803 reu,
514 1715 673 1788 &Caesar
696 1714 784 1789 truci
807 1716 907 1787 vultu
931 1713 1164 1786 defensionem
1184 1738 1240 1784 ac-

271 1831 425 1928 cipiens:
450 1858 557 1928 quam
580 1832 790 1923 Cremutius,
803 1832 1039 1930 relinquendae
1063 1831 1142 1904 vitae
1167 1856 1241 1904 cer-

271 1968 340 2038 tus,
362 1948 400 2021 in
421 1951 515 2023 hunc
538 1952 685 2024 modum
706 1950 844 2025 exorsus
865 1951 937 2027 est:
969 1952 1125 2023 “Verba
1146 1975 1239 2040 mea,

272 2073 300 2110 “
319 2086 433 2163 patres
467 2068 663 2167 conscripti,
700 2090 912 2167 arguuntur:
951 2069 1038 2142 adeo
1071 2067 1241 2142 fastorum

273 2185 483 2261 “innocens
501 2186 588 2261 sum.
637 2189 704 2261 Sed
732 2212 845 2286 neque
867 2189 943 2261 haec
966 2188 1002 2259 in
1026 2187 1240 2285 Principem,

270 2310 300 2351 “
319 2324 384 2381 aut
392 2305 560 2402 Principis
577 2327 769 2403 parentem,
789 2332 877 2403 quos
893 2308 951 2379 lex
965 2306 1147 2403 majestatis
1164 2333 1239 2380 am-

270 2428 298 2469 “
315 2422 499 2519 plestitur:
518 2428 665 2499 Brutum
683 2423 886 2499 &Cassium
905 2424 1092 2498 laudavisse
1108 2424 1208 2497 dicor
1224 2454 1236 2512 3

269 2547 301 2612 ,¹⁴
320 2566 470 2637 quorum
489 2569 541 2616 res
558 2544 665 2641 gestas
697 2545 779 2617 cum
812 2544 950 2639 plurimi
968 2540 1253 2640 composuerint„

262 2664 301 2746 ‚“
318 2683 422 2732 nemo
449 2664 519 2734 sine
544 2664 676 2735 honore
693 2662 911 2735 memoravit.
960 2662 1064 2733 Titus
1095 2662 1235 2751 Livius,

271 2780 299 2817 “
316 2778 521 2874 eloquentiae
548 2805 588 2852 ac
614 2780 697 2853 fidei
725 2782 907 2877 praeclarus
940 2780 976 2851 in
1006 2778 1140 2875 primis,
1171 2782 1237 2853 Cn.

270 2901 297 2937 “
315 2894 522 2991 Pompeium
537 2897 638 2970 tantis
653 2898 813 2971 laudibus
830 2898 919 2986 tulit,
950 2921 988 2972 ut
1017 2898 1237 2992 Pompeiorum

270 3019 298 3069 ·“
315 3036 397 3085 eum
424 3015 602 3111 Augustus
628 3017 843 3112 appellaret:
875 3040 989 3112 neque
1016 3014 1052 3088 id
1076 3016 1237 3089 amicitiae

269 3138 298 3175 “
315 3157 436 3204 eorum
464 3132 590 3205 offecit.
651 3134 865 3229 Scipionem,
901 3131 1109 3222 Afranium,
1144 3136 1236 3207 hunc

267 3256 295 3293 “
314 3248 428 3346 ipsum
445 3249 610 3340 Cassium,
628 3253 721 3324 hunc
736 3256 897 3341 Brutum,
911 3250 1082 3349 nusquam
1104 3254 1237 3325 latrones

266 3375 296 3413 “
315 3371 355 3442 Θ
364 3372 560 3466 parricidas,
588 3396 667 3467 quae
693 3396 786 3443 nunc
802 3372 974 3443 vocabula
990 3372 1232 3467 imponuntur,

267 3495 295 3531 “
311 3487 402 3584 saepe
425 3508 465 3561 ut
481 3487 628 3585 insignes
643 3488 735 3561 viros
751 3488 918 3561 nominat.
944 3488 1052 3561 Asinii
1071 3490 1236 3562 Pollionis

266 3613 293 3649 “
310 3606 448 3702 scripta,
483 3608 661 3705 egregiam
694 3609 899 3680 eorumdem
924 3608 1127 3681 memoriam
1166 3628 1234 3680 tra-

267 3729 296 3765 “
313 3724 411 3796 dunt.
461 3727 609 3798 Messala
621 3726 807 3815 Corvinus,
826 3730 1037 3823 imperatorem
1047 3728 1142 3821 suum
1160 3728 1236 3823 Cas.

267 3846 295 3885 “
321 3866 386 3911 rum
411 3842 649 3938 praedicabat:
682 3849 715 3917 ἃ
739 3864 885 3942 uterque
909 3843 1101 3942 opibusque
1132 3864 1237 3941 atque

267 3964 293 4012 “
312 3959 499 4039 honoribus
522 3960 736 4064 penriguere.
784 3962 900 4037 Marci
929 3963 1103 4039 Ciceronis
1131 3963 1233 4053 libro,

738 4080 800 4187 Q
