3259 5284
467 618 762 689 Anunarunr
803 615 915 687 Lru.
955 613 1018 687 IV.
1157 635 1227 710 237

258 786 467 883 suggteffus,
493 786 587 861 haud
613 811 706 884 aegte
735 785 881 884 pepulit,
916 782 1081 882 sanguine
1105 783 1229 886 batha-

255 928 372 976 rorum
410 905 562 996 modico,
600 908 647 979 ob
681 906 876 1003 propinqua
916 900 1074 999 suffugia.
1134 901 1230 975 Mox

256 1022 370 1095 castris
385 1022 422 1095 in
439 1024 519 1095 loco
536 1022 774 1113 communitis,
800 1023 916 1097 valida
938 1047 1046 1093 rnanu
1072 1037 1231 1095 montem

256 1160 416 1239 occupat,
435 1142 635 1239 angustum,
650 1146 683 1215 &
700 1140 825 1239 aequali
842 1138 942 1213 dorso
955 1139 1161 1213 continuum
1176 1136 1230 1211 us·

256 1284 325 1355 que
349 1262 395 1332 ad
429 1260 634 1356 proximum
663 1259 856 1348 castellum,
895 1259 990 1355 quod
1017 1283 1146 1355 magna
1177 1256 1232 1330 vis

256 1398 400 1469 armata,
425 1399 485 1453 aut
501 1378 692 1469 incondita,
718 1380 899 1451 tuebatur:
928 1378 1025 1449 stmul
1042 1376 1080 1448 in
1097 1373 1232 1448 ferocis·

259 1500 373 1587 srmos‚
400 1497 554 1595 quiante
571 1499 705 1570 vallum
728 1522 827 1569 more
845 1495 955 1594 gentis
972 1521 1053 1568 curn
1068 1493 1230 1566 carmini·

258 1617 324 1689 bus
343 1622 376 1689 δε
395 1616 554 1713 tripudiis
571 1616 817 1713 persultabant,
842 1612 949 1687 mittit
965 1612 1230 1711 dele&ossagit-

256 1733 431 1806 rariorum.
481 1734 510 1805 Ii
538 1736 624 1807 dum
647 1734 781 1807 eminus
798 1735 1044 1832 graffabantur,
1061 1735 1181 1806 crebra
1196 1738 1231 1805 &

258 1851 369 1925 inulta
397 1852 540 1924 vulnera
567 1851 703 1937 fecere3
731 1852 874 1949 propius
894 1852 1104 1942 incedentes,
1130 1876 1231 1949 erup·

229 2058 231 2064 k
258 1968 351 2041 tione
372 1966 480 2042 subita
504 1969 632 2043 turbati
660 1968 750 2061 sunt,
777 1970 974 2067 receptique
992 1969 1139 2043 subsidio
1167 1972 1232 2043 Su·

262 2089 418 2185 gambrae
446 2087 610 2177 cohortis,
637 2114 742 2185 quarn
770 2093 954 2163 Romanus
971 2110 1169 2185 promptam
1187 2092 1233 2165 ad

261 2208 427 2304 pericula,
442 2232 506 2279 nec
519 2206 634 2279 minus
650 2227 813 2283 cantuum
836 2212 870 2281 δε
887 2232 1064 2281 armorum
1079 2209 1233 2285 tumultu

260 2344 408 2415 trucem,
434 2326 529 2401 haud
547 2328 668 2423 procul
684 2325 895 2399 instruxerat.

307 2446 474 2519 XLVIII.
510 2446 758 2547 Tnnnsrnrrt
792 2444 919 2520 dehinc
961 2446 1068 2519 castra
1098 2444 1232 2521 hostem

257 2583 410 2661 propter,
436 2562 559 2637 ferietis
583 2565 678 2659 apud
705 2562 819 2659 priora
840 2564 1056 2638 munimenta
1084 2563 1231 2637 Thraci,

262 2683 342 2769 bus,
368 2706 457 2777 quos
485 2680 584 2753 nobis
607 2681 751 2755 adfuiffe
779 2682 995 2757 memoravi:
1023 2682 1129 2779 iisque
1155 2707 1234 2779 pet·

260 2797 401 2872 millum
435 2805 462 2841 ‘⁴
481 2798 624 2889 vastate,
661 2824 773 2889 urere,
805 2802 940 2873 trahere
963 2802 1110 2897 praetlas,
1145 2801 1234 2877 dum

261 2916 484 3013 “populatio
503 2918 619 2990 lucem
641 2918 730 2990 intra
758 2918 937 3007 sisteretur,
962 2922 1171 3016 noctemque
1197 2921 1234 2992 in

260 3039 289 3076 “
307 3034 419 3107 castris
435 3054 547 3108 tutam
564 3040 597 3107 lle
615 3035 759 3132 vigilem
781 3039 1036 3132 capellerent:”
1060 3038 1098 3111 id
1115 3038 1232 3135 ptimh

259 3150 453 3225 servatum:
491 3178 577 3227 mox
604 3158 688 3227 versi
720 3154 756 3226 in
777 3156 918 3245 luxum,
957 3156 1120 3253 &raptis
1144 3182 1233 3255 opu·

260 3270 359 3360 lenti,
390 3269 550 3351 omittere
576 3271 749 3363 stationes,
780 3272 917 3347 lascivia
947 3277 1140 3372 epulatum,
1174 3297 1235 3359 aut

259 3388 382 3465 somno
403 3394 437 3462 ὅτ
454 3388 538 3463 vino
555 3395 796 3487 procumbere.
846 3391 960 3490 Igitur
979 3392 1107 3485 hostes,
1132 3394 1230 3482 iucu-

257 3508 308 3585 rial
339 3534 460 3587 eorum
481 3511 672 3607 comperta,
698 3510 769 3587 duo
796 3510 939 3607 agmina
961 3530 1105 3609 parant:
1143 3539 1233 3610 quo-

259 3652 339 3701 rum
355 3629 474 3717 altero,
502 3630 724 3724 populatores
749 3626 993 3703 invaderentur
1004 3660 1017 3716 3
1043 3630 1101 3709 alii
1128 3632 1234 3707 castra

260 3746 424 3817 Romana
445 3748 698 3843 adpugnarent‚
732 3772 803 3825 non
830 3745 887 3844 spe
911 3747 1082 3845 capiendi,
1109 3749 1166 3825 sed
1193 3771 1234 3827 ut

261 3862 423 3949 elamore,
449 3862 538 3951 telis,
564 3862 623 3936 suo
648 3862 791 3961 quisque
809 3865 964 3962 periculo
990 3866 1153 3958 intentus,
1179 3868 1232 3945 so«

260 4001 383 4065 potem
403 3979 540 4058 alterius
557 3982 670 4077 proelii
693 4007 764 4057 non
786 3983 953 4082 acciperet
968 3989 1155 4063 :tenebre
1178 3988 1232 4066 in-
1293 4046 1297 4053 2
