3259 5284
374 596 442 663 124
561 573 603 646 C.
636 574 1151 652 ConuanrrTAcrrr

371 747 399 783 “
416 741 539 815 scelere
554 741 684 816 Pisonis
707 748 740 817 δι
758 743 930 818 Plancinae
946 743 1165 842 interceptus,
1198 746 1334 822 ultimas

370 866 398 902 “
416 885 533 956 preces
546 862 742 957 pedoribus
759 862 876 936 vestris
893 863 1073 960 relinquo:
1108 863 1256 937 referatis
1272 891 1334 962 pa-

370 979 455 1051 “tri
489 1007 529 1052 ac
555 980 663 1070 fratri,
703 981 829 1078 quibus
853 980 1093 1055 acerbitatibus
1124 979 1337 1075 dilaceratus,

367 1103 397 1138 “
415 1097 541 1194 quibus
569 1098 695 1170 infidiis
712 1099 967 1172 circumventus
991 1099 1211 1174 miserrimam
1227 1103 1334 1176 vitam

370 1221 397 1257 “
415 1219 555 1312 peffimd
579 1238 691 1289 morte
712 1217 871 1290 finierim.
921 1217 955 1290 Si
977 1243 1063 1314 quos
1085 1216 1159 1313 spes
1183 1245 1284 1310 meae,
1311 1223 1334 1292 fi

370 1340 398 1375 “
417 1360 504 1430 quos
516 1335 732 1433 propinquus
741 1335 890 1433 sanguis,
917 1334 1020 1408 etiam
1038 1362 1125 1432 quos
1141 1337 1272 1410 invidia
1283 1363 1333 1411 er·

336 1477 339 1482 ·
370 1459 399 1494 “
418 1479 462 1549 ga
474 1453 651 1527 viventem
661 1456 838 1544 movebat,
856 1453 1132 1546 inlacrimabunt,
1155 1458 1334 1553 quondam

369 1579 395 1614 “
415 1575 610 1661 florentem,
637 1576 670 1644 δι
682 1592 734 1644 tot
746 1574 916 1644 bellomm
929 1570 1155 1668 superstitem,
1171 1565 1332 1647 muliebri

371 1697 398 1733 “
416 1689 536 1762 fraude
552 1689 716 1762 cecidisse.
751 1689 826 1762 Erit
839 1689 938 1761 vobis
950 1691 1047 1762 locus
1059 1692 1224 1788 querendi
1240 1694 1333 1788 apud

370 1815 398 1851 “
415 1806 581 1897 senatum,
598 1807 785 1880 invocandi
797 1809 901 1904 leges.
939 1811 1024 1880 Non
1038 1810 1104 1881 hoc
1117 1809 1333 1906 praecipuum

370 1934 397 1968 “
414 1927 605 2000 amicorum
618 1950 744 1998 munus
755 1925 817 2015 est,
844 1925 1001 2022 prosequi
1017 1925 1219 1999 defunctum
1235 1927 1346 2025 igna-¹

369 2053 397 2090 “
415 2071 462 2118 vo
490 2046 631 2143 questu:
658 2042 715 2116 sed
741 2069 819 2141 quae
848 2045 994 2117 voluerit
1021 2045 1227 2136 meminisse,
1254 2073 1332 2142 quae

370 2171 397 2206 “
414 2163 629 2237 mandaverit
640 2161 802 2259 exsequi:
828 2164 959 2234 flebunt
971 2161 1217 2236 Germanicum
1229 2164 1333 2236 etiam

370 2291 398 2326 “
415 2282 550 2380 ignoti:
577 2279 796 2354 vindicabitis
809 2304 888 2369 vos,
915 2283 1005 2351 fime
1017 2279 1130 2375 potius
1143 2281 1332 2376 quamfor-

369 2408 397 2444 “
414 2421 534 2472 tunam
552 2426 666 2474 meam
682 2398 861 2472 fovebatis.
910 2396 1089 2470 Ostendite
1106 2402 1237 2494 populo
1256 2404 1331 2473 Ro-

369 2526 398 2563 “
415 2545 520 2592 mano
535 2519 608 2591 divi
626 2517 777 2616 Augusti
791 2536 945 2612 neptem,
970 2516 1200 2612 eamdemque
1216 2515 1333 2615 conju-

369 2645 398 2682 “
417 2663 499 2736 gem
520 2662 658 2710 meam:
689 2655 863 2710 nmnerate
880 2633 938 2705 sex
953 2631 1089 2707 liberos.
1137 2632 1333 2708 Misericor-

368 2765 398 2801 “
414 2755 808 2830 diacumaccusantibus
821 2753 900 2826 erit:
929 2750 1206 2848 fingentibusque
1216 2750 1332 2825 sceles-

368 2884 397 2919 “
413 2896 449 2950 ta
465 2877 638 2964 mandata,
665 2893 724 2945 aut
739 2898 811 2944 non
830 2873 969 2944 credent
986 2870 1157 2960 homines,
1182 2891 1240 2942 aut
1261 2897 1333 2943 non

368 3003 396 3040 “
413 2994 625 3094 ignoscent.”
674 2992 840 3087 Juravere
860 2987 976 3076 amici,
1001 2989 1159 3062 dextram
1183 2989 1332 3064 morien·

367 3115 409 3187 tis
426 3114 676 3211 contingentes,
703 3107 906 3208 “spiritum
928 3103 1007 3180 ante
1031 3105 1137 3202 quim]
1161 3106 1332 3182 ultionem

371 3240 400 3275 “
418 3233 632 3305 amissuros.”

414 3351 567 3422 LXXII.
583 3351 619 3419 T
623 3373 680 3419 uu
696 3349 741 3419 ad
757 3369 902 3418 uxorem
919 3341 1046 3432 versus,
1077 3350 1106 3386 “
1122 3369 1183 3441 per
1199 3371 1331 3418 memo-

368 3476 396 3513 “
415 3467 500 3540 riam
514 3465 580 3556 sul,
607 3491 668 3562 per
683 3489 888 3538 communes
904 3463 1052 3539 liberos’'
1065 3466 1187 3555 oravit,
1207 3471 1233 3507 “
1247 3489 1332 3536 exu-

367 3593 395 3629 “
413 3608 483 3659 eret
503 3581 678 3673 ferociam,
703 3581 854 3656 saevienti
871 3583 1017 3660 sortunae
1034 3587 1245 3662 submitteret
1261 3582 1332 3655 ani·

368 3714 395 3751 “
414 3733 538 3792 mum;
564 3731 632 3777 neu
650 3703 795 3800 regressa
815 3701 852 3773 in
875 3705 1013 3778 Urbem
1030 3703 1251 3779 emulatione
1269 3727 1332 3798 po-

369 3834 397 3869 “
414 3825 528 3898 tentiae
541 3822 720 3895 validiores
732 3820 918 3894 inritaret.”
966 3825 1058 3897 Haec
1070 3825 1199 3920 palam,
1223 3820 1334 3893 &alia

367 3943 507 4034 secreto,
538 3968 598 4042 per
615 3965 693 4039 quae
711 3941 891 4016 ostendere
908 3944 1111 4020 credebatur
1133 3961 1265 4018 metum
1288 3963 1333 4012 ex
