3259 5284
492 589 945 664 Auunrruerr.
978 591 1006 663 Ι.
1183 615 1228 691 27

260 762 354 838 idem
382 763 505 838 Blaesus
533 769 566 837 δι
598 767 643 836 L.
674 764 850 861 Apronius
881 789 985 860 eques
1018 765 1235 842 Romanuse

261 886 402 958 cohorte
429 887 543 972 Drusi,
574 883 755 981 Justusque
784 883 948 956 Catonius
976 882 1078 980 primi
1105 887 1234 960 ordinis

262 1003 429 1094 centuri0‚
458 1007 502 1076 ad
517 1003 700 1078 Tiberium
727 1003 920 1076 mittuntur.
948 1002 1126 1075 Certatum
1152 1004 1234 1078 inde

262 1120 443 1213 sententiis,
473 1125 554 1197 clam
581 1123 635 1195 alii
654 1130 681 1164 “
701 1122 929 1220 opperiendos
956 1124 1099 1219 legatos,
1129 1145 1233 1223 atque

263 1250 291 1285 “
308 1242 443 1315 interim
460 1241 620 1316 comitate
646 1244 932 1338 permulcendum
949 1242 1094 1315 militem
1112 1245 1134 1275 ''
1151 1271 1232 1318 cen-

260 1357 392 1448 serent:
410 1363 465 1435 alii
496 1368 522 1404 “
541 1361 737 1435 fortioribus
753 1360 913 1434 remediis
928 1363 1126 1457 agendum:
1146 1364 1232 1437 nihil

262 1481 345 1554 “in
374 1483 482 1580 vulgo
514 1481 714 1554 modicum:
735 1501 874 1570 terrere,
903 1481 938 1553 ni
972 1503 1142 1577 paveant:
1171 1485 1232 1558 ubi

261 1608 290 1644 “
309 1601 556 1698 pertimuerint,
575 1601 717 1696 impune
728 1600 927 1674 contemni:
947 1602 1033 1673 dum
1046 1597 1231 1696 superstitio

261 1729 288 1763 “
306 1741 438 1818 urgeat,
467 1719 674 1819 adjiciendos
700 1747 743 1793 ex
760 1722 849 1792 duce
866 1740 991 1808 metus,
1021 1716 1157 1792 sublatis
1182 1720 1231 1794 se-

260 1846 288 1881 “
305 1839 441 1912 ditionis
453 1840 659 1913 austoribus.
678 1841 700 1872 ''
717 1843 924 1935 Promptum
941 1841 985 1911 ad
1000 1836 1167 1934 asperiora
1177 1839 1230 1912 in·

259 1958 399 2056 genium
416 1957 530 2031 Druso
542 1979 612 2031 erat
628 1987 636 2029 :
657 1980 797 2032 vocatos
809 1957 1023 2030 Vibulenum
1036 1961 1068 2029 ἃ
1082 1960 1228 2032 Percen-

259 2078 355 2150 nium
372 2078 515 2150 interfici
541 2076 653 2175 jubet.
682 2079 844 2150 Tradunt
860 2075 1028 2172 plerique,
1059 2076 1148 2151 intra
1177 2101 1228 2152 ta-

226 2199 481 2270 ·bernaculum
513 2197 611 2270 ducis
642 2200 808 2270 obrutos:
861 2194 930 2283 alii,
958 2220 1103 2291 corpora
1133 2219 1230 2271 extra

257 2316 389 2388 vallum
405 2315 535 2412 abjesta
552 2316 708 2388 ostentui.

304 2437 423 2508 XXX.
448 2437 557 2524 Tum,
584 2455 623 2507 ut
659 2433 802 2531 quisquc
834 2433 1026 2531 praecipuus
1055 2439 1227 2528 turbator,

255 2554 458 2650 conquisrti:
487 2559 520 2626 δι
541 2579 615 2650 pars
635 2575 731 2626 extra
753 2553 857 2626 castra
879 2555 1043 2648 palantes,
1067 2582 1087 2626 a
1107 2579 1226 2631 centu-

254 2672 421 2762 rionibus,
453 2695 512 2745 aut
545 2672 781 2770 praetoriarum
817 2671 1013 2745 cohortium
1059 2673 1227 2750 militibus

254 2796 353 2865 caesr:
380 2789 547 2888 quosdam
569 2793 628 2887 ipsr
651 2789 831 2886 manipuli,
857 2792 1108 2863 documentum
1131 2793 1226 2882 fidei,

252 2911 434 2984 tradiddre.
485 2917 641 2983 Auxerat
663 2909 813 2981 militum
831 2935 928 2981 curas
949 2930 1156 3005 praematura
1175 2911 1228 2982 lri-

251 3055 338 3119 ems,
364 3031 532 3103 imbribus
566 3029 749 3117 continuis,
780 3029 938 3124 adeoque
958 3026 1067 3118 saevis,
1092 3050 1132 3100 ut
1156 3055 1228 3103 non

251 3149 369 3246 egredi
400 3149 557 3238 tentoria,
594 3147 798 3246 congregari
829 3147 918 3220 inter
947 3146 994 3236 se,
1029 3147 1090 3218 vix
1122 3149 1227 3222 tutari

250 3271 345 3366 signa
366 3270 511 3364 pollent,
535 3293 612 3364 quae
636 3267 772 3340 turbine
796 3285 900 3362 atque
920 3267 1015 3339 und&
1043 3269 1224 3362 raptaban-

250 3405 329 3458 tur:
352 3387 497 3460 durabat
515 3391 548 3458 ἃ
562 3383 713 3458 formido
730 3385 867 3458 caelestis
884 3385 955 3475 irae,
980 3393 1007 3428 “
1025 3411 1088 3458 nec
1106 3385 1228 3461 frustra

250 3512 279 3548 “
296 3506 458 3578 adversus
474 3505 600 3601 impios
615 3503 796 3578 hebescere
812 3506 931 3593 sidera,
968 3530 1065 3577 ruere
1077 3506 1226 3602 tempes-

251 3629 278 3664 “
297 3642 404 3695 tates:
431 3649 503 3696 non
524 3623 618 3696 aliud
642 3625 814 3696 malorum
837 3625 1090 3713 levamentum,
1118 3627 1226 3721 quiam

248 3745 318 3812 “'sr
342 3740 536 3838 linquerent
549 3741 654 3814 castra
667 3740 811 3814 infausta
834 3762 1084 3839 temerataque,
1111 3748 1144 3815 &
1173 3743 1226 3815 so-

246 3865 275 3916 -“
293 3859 356 3930 luti
375 3859 525 3956 piaculo,
556 3860 620 3934 suis
636 3859 781 3958 quisque
793 3860 945 3934 hibernis
964 3861 1226 3933 redderentur.”

179 3991 181 3996 ’
243 3976 402 4053 Primum
415 3981 550 4069 oslava,
567 3979 646 4053 dein
666 3979 934 4076 quintadecuma
946 3978 1054 4078 legio,
1081 3979 1224 4052 rediere.
