3259 5284
248 701 1251 732 *mma-num

244 735 1259 780 m:

388 965 455 1032 DE
493 960 806 1040 CODICIBUS
846 971 1105 1032 SCRIPTIS

333 1208 382 1286 C.
495 1207 1153 1289 CORNELII

471 1446 1028 1535 TACITI.

258 1754 588 1916 Austontssmn
613 1824 730 1905 Taciti
756 1827 904 1904 Codices
928 1821 1042 1925 scripti
1062 1823 1139 1901 sunt
1160 1825 1232 1900 Flo·

258 1951 375 2020 reatini
394 1951 472 2034 dum
501 1975 655 2048 quotum
671 1951 756 2023 alter
771 1951 902 2023 Libros
925 1948 983 2022 sex
1000 1947 1129 2045 priores
1157 1951 1230 2043 (ut,
1347 1947 1351 1954 ’

257 2069 396 2140 audone
411 2067 548 2164 Lipsio,
573 2095 796 2143 numeramus
812 2068 941 2155 hodie3
967 2068 1051 2142 olim
1076 2065 1232 2164 quinque

258 2189 545 2282 numerabantur)
573 2187 766 2262 Annalium
783 2187 952 2276 continet,
980 2189 1066 2260 alter
1080 2186 1230 2282 reliquos

257 2308 293 2378 ὅτ
310 2306 502 2380 Annalium
520 2311 554 2379 ὅτ
576 2305 825 2396 Historiarum,
854 2325 894 2380 ut
919 2305 1025 2379 hodie
1048 2323 1231 2380 vocantur.

255 2424 319 2496 Ille
335 2448 425 2498 unus
451 2425 515 2514 est,
540 2449 605 2498 nec
629 2423 738 2498 alium
765 2423 928 2522 scriptum
955 2423 1096 2498 illomm
1123 2424 1230 2498 libro-

254 2567 334 2616 rum
350 2543 522 2616 Codicem
540 2545 720 2618 habemus.
769 2545 866 2617 Nam
888 2544 974 2619 liber
988 2543 1141 2640 Jocundi
1158 2546 1230 2617 Ve-

254 2665 419 2750 ronensis,
448 2661 508 2761 qui
523 2689 545 2738 a
561 2662 735 2738 nonnullis
752 2683 1060 2751 commemoratur,
1082 2687 1231 2760 apogra-

255 2781 367 2878 phum
395 2780 488 2855 illius
512 2781 573 2871 est,
597 2802 703 2880 atque
727 2781 784 2854 ille
810 2781 895 2878 ipse,
921 2806 1027 2878 quem
1050 2781 1140 2879 saepe
1156 2783 1231 2854 Ur·

255 2900 481 2972 finus-laudat.
498 2925 534 2973 v.
546 2902 702 2974 Gronov.
720 2901 764 2973 ad
781 2905 828 2974 A.
840 2901 907 2991 IV,
927 2903 984 2996 36.
1020 2902 1143 2995 Itaque
1159 2923 1231 2974 non
1364 2895 1371 2918 '

254 3020 347 3092 redte
371 3017 515 3108 faciunt,
542 3019 603 3117 qui
631 3019 788 3093 omnium
814 3021 1058 3114 exemplorum
1086 3015 1231 3114 scripto-

253 3159 332 3210 rum
349 3137 548 3211 consensum
567 3138 691 3211 inistis
712 3137 806 3212 libris
825 3155 1109 3227 commemorant,
1135 3139 1231 3234 quod

252 3253 432 3353 aliquoties
449 3257 592 3332 memini
621 3281 678 3330 me
695 3256 852 3353 reperite.
903 3257 1026 3330 Codex
1043 3257 1100 3331 ille
1116 3281 1229 3356 quon-

251 3375 335 3448 dam
359 3375 425 3449 fuit
451 3374 657 3450 Monasterii
681 3375 897 3450 Corbeienfis
912 3375 948 3448 in
972 3375 1148 3468 Vestfalia,
1174 3400 1229 3452 re·

252 3516 367 3593 pertus
389 3498 435 3570 ab
453 3497 594 3594 Angelo
611 3496 865 3585 Arcomboldo‚
891 3495 1071 3593 Qaestore
1097 3495 1230 3570 Leonis

252 3618 301 3689 X.
329 3614 510 3688 Pontificis
532 3615 701 3703 Romani,
730 3619 763 3686 δι
784 3615 830 3687 ud
845 3617 1006 3687 Leonem
1022 3614 1177 3688 delatus:
1209 3642 1230 3690 a

254 3759 327 3832 quo
343 3733 542 3833 quingentis
564 3731 675 3806 aureis
700 3733 814 3806 numis
831 3751 957 3821 emtus,
981 3731 1017 3804 in
1040 3730 1228 3808 Bibliothe-

251 3877 345 3943 cam,
373 3853 450 3951 post
473 3871 621 3926 mortem
639 3849 723 3950 ejus,
756 3853 786 3924 F
787 3849 991 3924 lorentinam
1014 3852 1119 3926 venit.
1168 3857 1229 3932 Ex

252 3997 297 4047 eo
325 3973 435 4047 edidit
461 3975 523 4046 hos
551 3972 655 4046 libros
684 3969 818 4068 primus
843 3969 934 4042 Phil.
962 3973 1160 4062 Beroaldus,
1189 3995 1229 4048 ut

250 4093 386 4190 mox†
404 4091 561 4168 dicetur:
587 4089 643 4166 sed
656 4115 736 4165 eum
752 4090 829 4186 post
839 4089 1029 4166 accuratius
1039 4093 1228 4187 excussere,

755 4235 776 4284 a
