3259 5284
351 567 418 639 126
554 561 906 638 C.Connrtrt
937 565 1141 640 Taciti

344 758 425 824 one,
450 753 510 808 aut
526 732 645 807 favore
660 733 697 806 in
712 733 873 808 Pisonem
891 735 1046 833 pronior,
1072 735 1196 810 diversr
1212 737 1313 813 inter·

344 856 575 950 pretabantur.

392 973 564 1045 LXXIV.
596 974 901 1048 Consunrnrunr
932 973 1013 1046 inde
1045 975 1134 1048 inter
1166 977 1314 1074 legatos,

345 1093 480 1189 quique
503 1091 562 1164 alii
587 1089 781 1166 senatorum
801 1092 956 1182 aderant,
987 1092 1188 1189 “quisnam
1209 1097 1316 1190 Syriae

345 1216 375 1251 ‘⁶
393 1213 625 1306 praeficeretur
638 1213 675 1284 :⁹³
701 1216 733 1284 ἃ
752 1211 871 1283 ceteris
887 1210 1023 1284 modici
1037 1212 1126 1304 nisis,
1152 1213 1241 1284 inter
1252 1214 1315 1286 Vi-

346 1327 446 1401 bium
471 1329 642 1420 Marsum,
676 1330 805 1402 &Cn
821 1329 977 1402 Sentium
1007 1331 1068 1404 diu
1102 1336 1313 1428 quaesrtum:

345 1448 428 1521 dein
444 1448 580 1522 Marsus
596 1447 731 1538 seniori,
750 1452 784 1520 δι
801 1449 911 1522 acrius
927 1449 1080 1522 tendenti
1096 1450 1212 1522 Sentio
1229 1477 1314 1524 con·

345 1571 450 1640 ceffit.
499 1565 599 1666 Isque
615 1567 781 1642 infamem
808 1567 983 1641 veneficiis
1012 1570 1051 1640 ea
1072 1568 1107 1640 in
1123 1569 1314 1664 provincial,

347 1691 382 1759 &
398 1685 572 1759 Plancinae
590 1713 777 1784 percaram,
795 1687 936 1760 nomine
952 1686 1155 1775 Martinam,
1185 1687 1221 1758 in
1242 1691 1316 1761 Ur·

346 1807 431 1878 bem
447 1804 551 1896 misit,
565 1806 814 1902 postulantibus
827 1805 966 1878 Vitellio
997 1831 1037 1878 ae
1065 1805 1230 1895 Veranio,
1260 1833 1317 1880 ce-

347 1922 495 2020 terisque
512 1923 573 2021 qui
588 1923 733 1998 crimina
750 1928 782 1996 δι
800 1922 1048 1997 accusationem
1059 1943 1239 2020 tamquam
1256 1926 1318 1998 ad-

347 2043 465 2115 versus
481 2062 637 2139 receptos
655 2042 729 2140 jam
746 2069 822 2115 reos
838 2042 1060 2116 instruebant.

396 2163 551 2235 LXXV.
578 2165 637 2234 Ar
672 2166 919 2250 Aon1rr1nn,
951 2185 1165 2258 quamquam
1192 2160 1319 2236 defessa

349 2282 460 2369 lustu,
474 2285 508 2352 ὅτ
525 2303 668 2377 corpore
680 2307 787 2378 aegro,
806 2279 965 2352 omnium
997 2301 1128 2368 tamen,
1163 2281 1317 2375 quae·ul-

349 2397 482 2470 tionem
507 2419 733 2488 morarentur,
771 2399 968 2487 intolerans,
1002 2397 1152 2470 ascendit
1180 2400 1318 2473 classem

348 2543 434 2590 cum
446 2516 620 2591 cineribus
637 2516 851 2606 Germanici,
868 2521 901 2590 u
917 2515 1031 2589 liberis
1045 2545 1055 2601 ;
1085 2514 1320 2592 miserantibus
1406 2615 1408 2622 Ι

350 2636 498 2726 cunetis,
537 2636 674 2735 “quod
698 2635 826 2709 semina
843 2633 1023 2708 nobilitate
1045 2633 1218 2732 princeps,
1241 2639 1318 2734 pul·

353 2759 382 2798 ‘⁴
399 2755 571 2829 cherrimo
597 2756 707 2829 modb
739 2753 973 2844 matrimonio,
1003 2754 1090 2826 inter
1122 2778 1321 2830 venerantes

352 2882 383 2919 “
399 2873 634 2973 gratantesque
648 2873 753 2972 aspici
769 2873 879 2964 solita,
907 2894 990 2946 tunc
1018 2871 1137 2946 ferales
1162 2875 1322 2972 reliquias

353 3000 384 3039 “
402 2997 475 3067 finu
506 2993 621 3084 ferret,
653 2994 781 3067 incerta
802 2993 954 3082 ultionis,
982 2993 1084 3066 anxia
1114 2991 1181 3084 sul,
1208 2999 1241 3066 br
1268 2995 1321 3066 in-

354 3121 384 3156 “
400 3113 492 3186 sclici
504 3112 714 3186 sectmditate
730 3110 878 3185 sortunae
894 3110 1019 3184 totiens
1035 3109 1223 3184 obnoxia.’'
1262 3111 1321 3182 Pi-

353 3233 474 3306 sonem
501 3231 640 3303 interim
667 3233 763 3326 apud
788 3232 903 3302 Coum
927 3229 1070 3301 insulam
1092 3227 1232 3300 nuntius
1260 3229 1321 3298 ad-

354 3349 518 3446 sequittu,
556 3355 584 3391 “
601 3350 772 3420 excellilse
797 3346 1081 3419 Germanicurn.’'
1157 3349 1240 3440 Quo
1269 3343 1321 3414 in·
1430 3441 1432 3445 ι

355 3484 586 3563 temperanter
611 3485 768 3561 accepto,
798 3465 900 3538 caedit
928 3463 1097 3554 vistimas,
1136 3463 1207 3534 adit
1235 3482 1324 3536 tem·

358 3586 440 3682 pla:
467 3608 579 3680 neque
607 3579 678 3679 ipse
706 3583 874 3680 gaudium
915 3583 1109 3672 moderans,
1148 3587 1181 3654 ac
1214 3581 1326 3678 magis

358 3700 576 3776 insolescente
591 3701 767 3791 Plancina,
793 3727 872 3799 quae
888 3703 1022 3774 rutrum
1054 3700 1178 3775 amislae
1203 3699 1326 3774 sororis

358 3843 434 3895 tum
451 3819 603 3920 primum
619 3824 700 3896 lato
716 3823 812 3896 cultu
829 3819 986 3896 mutavit.
