3259 5284
1228 603 1268 678 xi

291 775 454 878 scriptum
482 781 661 879 exemplar
684 777 843 879 nuspiam
869 794 1027 852 notatum
1051 777 1176 875 reperi,
1200 803 1266 853 nec

294 899 434 998 Dialogi
449 900 495 972 de
509 900 727 989 Oratoribus,
747 916 870 996 praeter
886 901 1142 987 Fuscianum,
1161 923 1266 995 equo

295 1019 430 1116 Lipsius
454 1043 536 1092 eum
552 1019 725 1092 correxit:
753 1018 816 1116 qui
843 1018 891 1091 ita
919 1043 1030 1115 pauca
1047 1015 1171 1112 scripta
1198 1016 1269 1114 ejus

295 1137 372 1212 libri
398 1137 608 1236 exemplaria
623 1137 690 1212 esse
716 1137 815 1228 dicit,
845 1140 890 1211 ad
912 1156 1018 1235 caput
1044 1163 1086 1233 19
1112 1134 1205 1225 libri,
1229 1156 1270 1210 ut

293 1257 354 1330 vix
369 1257 442 1332 duo
458 1277 517 1331 aut
532 1257 598 1330 tria
613 1257 649 1330 in
665 1258 761 1331 omni
777 1261 920 1354 Europa
935 1259 1003 1330 else
1019 1273 1129 1354 putet.
1162 1259 1270 1332 Nune

292 1377 449 1452 universe
477 1375 609 1474 aliquid
635 1377 682 1450 de
703 1377 897 1452 Codicibus
920 1375 1050 1474 scriptis
1072 1374 1191 1450 Taciti
1213 1377 1268 1450 di·

291 1497 444 1570 cendum
466 1497 616 1571 videtur.

342 1621 399 1690 Ac
425 1615 580 1714 primum·
604 1616 681 1691 libri
707 1615 824 1690 Taciti
851 1642 924 1689 non
946 1617 1072 1689 eodem
1098 1617 1207 1689 modo
1231 1617 1269 1690 in

306 1735 422 1809 Codd.
433 1733 672 1809 inscribuntur.
721 1737 871 1808 Aliorum
887 1736 943 1809 vel
961 1736 1123 1806 Aelianum
1139 1737 1271 1808 diurna-

294 1852 371 1925 lirim
387 1855 533 1948 fflflnrae
548 1855 694 1954 Augusta
708 1859 801 1927 libras
829 1857 1036 1951 plerumque
1051 1854 1182 1944 vocari,
1215 1855 1268 1928 in-

291 1973 461 2071 telligitur
488 1976 611 2070 partim
633 2001 652 2048 e
674 1973 782 2052 titulis
805 1974 979 2048 Codicum
1005 1973 1099 2069 apud
1123 1976 1268 2048 Monte·

293 2091 480 2166 salconium
507 2095 616 2189 (adde
634 2095 792 2190 Lipsrum
816 2094 862 2165 ad
888 2092 1030 2182 Annl,
1052 2093 1102 2186 1.)
1126 2097 1161 2166 δι
1187 2095 1270 2170 MS.
1322 2109 1327 2116 '

293 2212 411 2285 Guelf.
440 2213 566 2310 partim
593 2212 801 2288 eveteribus
824 2210 1035 2285 editionibus
1057 2212 1117 2284 Fr.
1140 2215 1271 2288 Puteo·

293 2331 378 2420 lani,
401 2333 580 2423 Frobenii,
609 2359 640 2406 a.
669 2355 758 2428 1519
777 2352 905 2403 curata.
953 2331 1020 2404 Sed
1049 2356 1121 2406 non
1148 2358 1271 2408 omnes

292 2449 399 2523 libros
415 2449 463 2522 ita
478 2451 645 2540 habuisse,
666 2451 841 2522 diversitas
857 2448 1035 2525 edentium
1050 2450 1177 2548 arguit.
1227 2457 1271 2528 lu

292 2567 447 2642 editione
465 2569 618 2667 principe
642 2572 699 2664 Jo.
718 2569 879 2667 Spirensis
906 2571 1002 2644 nulla
1028 2569 1079 2644 est
1094 2569 1270 2669 inscriptio

293 2707 352 2759 aut
368 2683 567 2784 subscriptio
585 2689 766 2778 librorum,
780 2689 839 2761 nisi
863 2689 899 2760 in
915 2689 1113 2763 Germania.
1163 2694 1269 2765 Bero-

293 2807 392 2879 aldus
424 2805 585 2902 inscripsit
614 2807 727 2879 Lr'bros
755 2807 963 2900 Historiarum
990 2809 1031 2878 ab
1056 2809 1169 2900 exceffir
1197 2809 1269 2880 Au-

289 2926 393 3020 gusti:
418 2951 463 2999 an
488 2925 616 2999 elibro
631 2926 693 2998 illo
715 2925 1067 3015 Corbeio-Nlediceo,
1097 2951 1167 2998 non
1192 2925 1269 3023 pos-

291 3042 368 3116 sum
395 3044 524 3134 dicere,
557 3070 637 3118 cum
656 3043 742 3130 nihil
757 3043 880 3117 diserte
895 3063 1059 3124 notatum¹
1070 3044 1269 3140 repererim.

294 3163 384 3236 Illud
413 3163 517 3237 video
544 3189 564 3237 a
592 3167 631 3258 J.
657 3161 841 3236 Gronovio
869 3162 1059 3260 proditum,
1092 3163 1129 3235 in
1157 3163 1270 3261 capite

293 3283 340 3354 L.
358 3281 419 3354 Ill.
437 3281 473 3352 in
489 3281 551 3355 illo
566 3283 697 3356 Codice
713 3281 877 3378 scriptum
893 3284 986 3355 else:
1013 3281 1131 3379 Incipit
1144 3280 1186 3353 L.
1200 3283 1269 3367 Ill,

291 3401 334 3470 ab
360 3401 471 3492 exceffit
498 3401 639 3498 Augusti.
690 3403 883 3476 Rhenanus
915 3402 1052 3474 Annales
1078 3400 1266 3499 inscripfit:

292 3519 391 3614 quod
408 3518 602 3592 constanter
619 3545 740 3592 ornnes
764 3521 872 3594 secuti
889 3520 968 3594 sunt
989 3520 1097 3619 usque
1116 3522 1162 3594 ad
1178 3522 1269 3620 Lip-

292 3639 406 3722 fium3
435 3638 494 3734 qui
513 3658 687 3735 receptam
712 3639 820 3714 hodie
845 3638 1017 3713 rationem
1038 3638 1195 3714 invexit:
1223 3644 1271 3718 de

291 3779 362 3851 qua
389 3755 459 3852 ipse
486 3755 562 3830 satis
588 3757 690 3830 dixit.
739 3758 818 3832 Nec
848 3757 884 3830 in
911 3756 1125 3855 praenomine
1152 3762 1270 3836 Taciti

288 3871 516 3950 consentiunt.
565 3878 600 3970 J.
618 3874 820 3949 Gronovius
847 3876 1049 3950 eMediceo
1073 3877 1204 3975 profert
1222 3882 1266 3952 P.

290 3993 326 4078 ὃς
343 3992 380 4067 id
394 3994 426 4070 ei
442 3995 601 4076 tribuitur
615 3996 652 4070 in
665 3997 744 4070 edd.
764 4016 849 4071 vett.
862 3995 944 4072 inde
961 4023 982 4072 a
997 3999 1181 4091 Beroaldo,
1205 3988 1273 4100 quis
