3259 5284
399 607 502 680 xl'

443 770 525 845 Vid.
544 797 626 873 pag.
642 795 699 849 ιο.
713 773 773 848 lin.
789 799 844 866 14.
871 777 998 851 Codex
1015 774 1311 874 Guelferbytanus
1326 780 1385 853 ets

394 915 513 966 recens
536 891 600 983 est,
617 911 737 968 tamen
754 899 789 968 ὅτ
805 897 852 970 ad
868 896 1032 971 lectiones
1052 899 1238 971 nonnullas
1253 899 1384 972 confir·

394 1012 554 1103 mandas,
573 1017 608 1086 δι
625 1013 671 1089 ad
687 1014 846 1090 meliores
859 1015 1075 1115 indagandas
1087 1005 1234 1090 subinde
1245 1013 1387 1114 profuit.

394 1131 653 1228 Compleclitur
676 1131 765 1208 solos
785 1133 891 1208 libros
919 1133 1114 1209 Annalium
1143 1133 1226 1209 inde
1249 1138 1295 1210 ab
1318 1161 1387 1214 una

395 1249 551 1343 decimu,
579 1257 613 1328 dt
640 1251 889 1330 Historiarum.
948 1254 1104 1352 Scriptus
1131 1254 1245 1327 estin
1271 1279 1386 1330 mem·

395 1369 517 1461 brana,
537 1397 644 1446 manu
659 1375 832 1472 elegante,
861 1379 896 1448 δι
911 1377 1034 1473 passim
1050 1375 1225 1449 correctus
1240 1398 1262 1448 a
1276 1398 1386 1448 manu

394 1487 567 1564 secunda:
601 1491 649 1566 ita
676 1511 806 1584 tamen,
834 1513 874 1568 ut
899 1496 1108 1594 plerumque
1135 1494 1290 1591 priorem
1312 1493 1384 1567 lec·

393 1607 529 1684 tionem
545 1610 684 1710 adsequi
702 1611 813 1689 liceat.
854 1613 1094 1689 Corredtiones
1112 1613 1290 1711 saepiffime
1301 1635 1386 1687 cum

396 1728 607 1806 lanionibus
636 1732 692 1806 ed.
711 1759 774 1831 pr.
801 1731 1044 1808 consentiunt:
1086 1735 1155 1807 sive
1182 1756 1228 1806 ex
1257 1731 1385 1805 eodem

395 1847 542 1942 Codice,
571 1852 639 1924 five
656 1876 700 1925 ex
713 1851 784 1949 ipsa
800 1852 861 1926 illa
875 1852 1028 1927 editione
1044 1870 1193 1950 promta
1204 1846 1294 1923 sunt.
1342 1851 1387 1922 ln

396 1968 588 2042 Germania
612 1968 940 2067 recensenda-(vid.
958 1995 1040 2069 pag.
1058 1996 1113 2044 10.
1130 1968 1282 2062 lina8.)
1307 1965 1386 2044 usus

394 2086 472 2162 surn
488 2089 594 2163 etiam
610 2089 774 2164 varietate
790 2089 931 2165 Codicis
948 2088 1117 2163 chartacei
1133 2086 1344 2178 Turicenlis,
1364 2111 1388 2163 a

395 2207 501 2284 Petro
523 2209 569 2282 de
586 2210 793 2307 Numagen,
811 2208 1023 2298 Trevirenfi,
1048 2209 1239 2306 Capeliano
1255 2210 1289 2283 S.
1310 2209 1384 2282 Le·

395 2327 542 2400 onlrardi
567 2352 676 2426 prope
703 2329 927 2428 Thuregum,
953 2328 1000 2401 ita
1024 2327 1058 2401 se
1083 2345 1187 2401 vocat
1209 2325 1296 2425 ipse,
1322 2325 1387 2401 sub

395 2447 505 2520 finem
533 2446 598 2522 sec.
628 2449 711 2523 XV.
739 2443 880 2544 scripti:
922 2471 1029 2544 quern
1057 2469 1137 2520 mea
1163 2447 1291 2535 caussa,
1321 2469 1386 2544 pro

396 2557 558 2666 singulari
585 2566 644 2642 sua
664 2565 701 2640 in
728 2592 786 2642 me
807 2564 1065 2656 benevolentia,
1090 2568 1260 2661 excerpsit
1284 2565 1321 2659 J.
1348 2565 1385 2660 J.

398 2691 645 2789 Breitingerus,
658 2688 704 2759 V.
720 2687 764 2760 C.
792 2688 963 2762 Praeterea
978 2684 1065 2760 mihi
1077 2683 1238 2783 Kappius
1254 2681 1384 2775 noster,

397 2815 571 2892 obtulerat
599 2806 789 2881 editionem
808 2805 902 2902 (vid.
920 2829 1001 2904 pag.
1016 2806 1075 2902 36.
1092 2802 1154 2876 lin.
1168 2805 1247 2900 20.)
1275 2801 1385 2878 libelli

396 2931 631 3018 veterrimam,
656 2951 728 3025 qua
750 2925 987 3023 comparanda
1012 2949 1096 2999 cum
1118 2921 1272 3023 vulgatis
1296 2947 1383 3022 cog·

397 3054 495 3144 novi,
517 3052 584 3124 esse
601 3047 700 3120 illum
718 3042 832 3142 ipsum
848 3043 1033 3134 Codicem,
1060 3067 1168 3141 quem
1193 3044 1240 3117 ab
1264 3043 1384 3117 Artol·

398 3176 472 3272 pho
488 3167 627 3244 medico
649 3183 827 3261 acceperat
851 3164 1052 3246 Rhenanus.
1104 3160 1190 3259 Ejus
1207 3185 1276 3258 ope
1298 3161 1386 3237 mihi

398 3289 497 3367 licuit
509 3284 655 3385 reperire
667 3282 840 3381 originem
852 3282 1056 3372 lectionum,
1069 3282 1276 3355 aRhenano
1289 3281 1382 3376 (vid.

396 3435 479 3509 pag.
499 3431 556 3504 33.
586 3403 746 3496 linio.)
773 3401 811 3476 in
835 3400 936 3476 illum
963 3400 1124 3474 libellum
1147 3399 1384 3489 induttamm,

400 3511 566 3626 &ipsum
590 3521 750 3597 libellum
778 3546 850 3596 non
877 3545 948 3595 uno
972 3519 1009 3594 in
1033 3522 1113 3595 loco
1141 3515 1385 3592 correctiorem

398 3647 555 3724 reddere.
604 3643 656 3715 Ita
683 3660 800 3714 autem
824 3639 862 3714 in
886 3639 1005 3714 multis
1023 3637 1191 3714 consentit
1214 3662 1298 3711 curn
1320 3659 1384 3710 ex·

399 3764 525 3864 carptis
541 3759 667 3836 veteris
683 3742 857 3850 editionis,
874 3761 920 3834 ab
936 3762 1025 3834 Abr.
1042 3755 1227 3833 Grono‘vio
1242 3753 1385 3854 adjutis

399 3889 481 3965 var.
507 3883 609 3960 Len.
627 3881 718 3958 Cod.
736 3879 875 3955 Arund.
899 3897 939 3954 ut
963 3879 1010 3954 ab
1036 3875 1135 3954 initio
1150 3877 1300 3954 eandem
1317 3898 1384 3974 pu«
