3259 5284
434 692 874 766 AnunurunLr-n.
905 690 965 762 Vl.
1161 715 1229 787 315

266 869 356 943 rium
382 866 508 942 Miseni
534 867 700 960 consedit,
729 869 765 942 in
793 868 889 958 villfi,
914 865 971 940 cui
999 867 1045 939 L.
1062 866 1232 939 Lucullus

265 989 443 1085 quondam
468 988 653 1062 dominus:
689 989 758 1062 illic
777 1015 860 1062 eum
876 985 1155 1085 adpropinquare
1177 984 1231 1059 su·
1297 978 1301 983 ’

265 1107 408 1204 premis,
444 1106 502 1180 tali
537 1110 645 1181 modo
678 1128 909 1207 compertum.
960 1108 1042 1179 Erat
1074 1104 1231 1177 medicus

265 1246 337 1298 arte
353 1226 507 1325 infignis,
541 1227 682 1300 nomine
697 1227 885 1316 Charicles,
912 1252 983 1299 non
1010 1224 1153 1323 quidem
1180 1250 1233 1298 re·

266 1370 347 1443 gere
379 1345 592 1419 valetudines
619 1345 787 1444 Principis
811 1344 939 1434 solitus,
969 1342 1100 1417 consrlii
1117 1364 1234 1417 tamen

265 1465 407 1562 copiam
424 1468 585 1563 praebere.
635 1468 668 1538 Is
694 1466 788 1539 velut
805 1464 940 1562 propria
956 1464 1000 1537 ad
1018 1463 1158 1563 negotia
1179 1464 1233 1537 di·

266 1584 439 1684 grediens,
459 1591 492 1658 ὅτ
510 1611 570 1681 per
587 1583 737 1681 speciem
753 1584 858 1657 officii
881 1611 1026 1659 manum
1052 1586 1234 1682 complex-

265 1731 320 1792 us,
344 1702 480 1801 pulsum
499 1728 664 1777 venarum
680 1704 814 1801 attigit;
845 1730 957 1801 neque
981 1703 1123 1777 fefellit:
1153 1729 1235 1777 narn

265 1823 429 1897 Tiberius
455 1822 623 1895 incertum
662 1848 706 1895 an
738 1823 898 1912 offensus,
933 1825 1099 1921 tantdque
1122 1823 1236 1923 magis
1336 1914 1345 1929 ¹

265 1941 352 2015 iram
371 1966 543 2038 premens,
567 1942 782 2016 “instaurari
799 1940 1066 2039 epulas''jubet,
1083 1942 1235 2017 discum-

267 2060 389 2159 bitque
404 2063 494 2134 ultra
509 2060 648 2135 solitum
662 2090 673 2148 ;
703 2064 796 2161 quas
825 2061 948 2133 honori
976 2062 1133 2136 abeuntis
1148 2064 1234 2136 ami·

266 2181 299 2257 ci
315 2181 487 2255 tribueret.
522 2181 696 2255 Charicles
708 2201 825 2255 tamen
839 2189 865 2224 “
879 2181 949 2255 labi
970 2181 1140 2279 spiritum,
1170 2207 1235 2258 nec

268 2302 404 2375 “ultra
431 2300 580 2375 biduum
600 2302 830 2377 duraturum''
858 2302 1022 2375 Macroni
1055 2301 1233 2376 firmavit:

268 2422 349 2494 inde
377 2422 501 2495 cunsla
529 2422 710 2520 colloquiis
751 2422 841 2495 inter
880 2419 1072 2517 praesentes,
1107 2423 1238 2497 nunriis

266 2543 361 2638 apud
379 2542 560 2640 legatos&
583 2541 751 2615 exercitus
767 2540 1020 2615 festinabantur.
1039 2568 1139 2618 xvrt.
1156 2546 1236 2619 Kal.

266 2660 412 2756 Aprilis,
442 2660 620 2733 interclusa
642 2659 769 2750 anims,
798 2660 947 2733 creditus
970 2660 1019 2734 est
1047 2665 1235 2737 mortalita-

266 2796 340 2852 tem
364 2778 560 2875 expleville.
611 2782 658 2851 Et
686 2780 799 2853 multo
829 2798 1026 2877 gratantum
1054 2782 1235 2874 concursu,

265 2900 311 2971 ad
328 2898 496 2995 capienda
520 2896 656 2994 imperii
686 2896 874 2995 primordia
896 2900 938 2971 C.
954 2896 1065 2973 Caesar
1079 2903 1236 3000 egredie-

267 3021 389 3092 batur:
429 3018 511 3091 curn
543 3016 682 3113 repente
711 3014 878 3106 adsemrr,
906 3017 1056 3092 “redire
1093 3020 1236 3095 Tiberio

267 3144 294 3180 “
313 3162 436 3211 vocem
457 3162 497 3209 ac
524 3134 627 3227 visus,
654 3135 843 3233 vocarique
870 3136 930 3233 qui
957 3138 1148 3212 recreandae
1174 3141 1236 3213 de-

266 3261 294 3299 “
313 3254 450 3331 fectioni
468 3253 588 3329 cibum
606 3253 816 3327 adferrent.''
864 3257 978 3328 Pavor
995 3256 1077 3329 hinc
1093 3256 1130 3329 in
1157 3284 1235 3333 om-

265 3402 348 3463 ncs;
377 3381 411 3448 &
428 3374 530 3448 ceteri
549 3376 668 3471 psllim
684 3372 848 3471 dispergi,
867 3371 901 3445 se
918 3373 1060 3471 quisque
1076 3379 1237 3454 maestum

265 3518 324 3570 aut
339 3494 493 3569 nescium
512 3496 653 3592 fingere.
703 3491 812 3566 Caesar
840 3491 875 3564 in
905 3494 1074 3569 filentium
1091 3499 1195 3589 fixus,
1215 3526 1241 3576 a.

156 3650 162 3661 ·
262 3615 395 3689 summ&
411 3613 482 3711 spe,
512 3614 691 3688 novissima
708 3612 937 3711 exspedabat.
987 3616 1112 3690 Macro
1130 3617 1234 3691 intre·

264 3732 381 3829 pidus‚
409 3734 599 3829 “opprimi
616 3732 730 3807 senem
746 3732 872 3831 injestu
894 3735 1010 3807 multae
1028 3735 1154 3809 vestis''
1170 3734 1231 3835 jn-

265 3852 339 3942 bet,
372 3849 612 3949 “discedique
628 3854 673 3927 ab
690 3851 846 3926 limine.’'
896 3853 950 3927 Sic
974 3854 1135 3931 Tiberius
1157 3857 1238 3941 fini‹
1304 3868 1310 3876 '

264 3972 329 4065 vit,
356 3972 482 4047 ostavo
505 3976 537 4045 δι
555 3970 802 4071 septuagesimo
819 3973 924 4047 aetatis
940 4000 1043 4057 anno,
