3259 5284
353 596 400 671 54
597 571 639 644 C.
664 573 902 645 convetu
929 573 1107 648 Tacttr

350 743 387 814 in
416 745 494 817 loco
526 745 677 841 placuit;
705 765 745 819 ut
772 772 874 845 opus,
901 751 935 818 ἃ
963 745 1020 820 alii
1045 747 1208 845 proelium
1235 745 1319 825 inci·

349 882 481 960 petent.

398 983 532 1055 LXIV.
557 985 741 1057 Bnaanm
779 985 989 1084 perfringere
1016 985 1189 1076 stationes,
1219 987 1321 1087 seque

349 1098 472 1174 inferre
499 1101 729 1177 munitoribus
756 1105 831 1194 nisr,
862 1107 1037 1196 lacessunt,
1075 1105 1320 1203 circumgredi-

349 1240 469 1309 untur,
499 1219 696 1294 occursant:
727 1222 884 1298 miscetur
916 1224 1133 1322 operantium
1162 1226 1319 1298 bellanti-

349 1363 483 1434 umque
510 1341 668 1413 clamor:
700 1347 733 1415 ὅτ
762 1346 886 1416 cuncta
910 1344 1034 1446 pariter
1058 1344 1224 1416 Romanis
1256 1345 1319 1416 ad-

351 1455 445 1529 versa
457 1486 468 1542 ;
498 1459 592 1531 locus
618 1460 748 1556 uligine
773 1461 956 1558 profunda,
980 1461 1072 1534 idem
1097 1463 1142 1532 ad
1172 1465 1318 1559 gradum

351 1574 526 1666 instabilis,
545 1580 809 1673 procedentibus
832 1580 982 1652 lubricus
1001 1609 1012 1666 ;
1042 1605 1186 1676 corpora
1203 1581 1320 1677 gravia

352 1695 478 1784 loricis,
510 1721 624 1793 neque
656 1699 778 1772 librare
803 1699 871 1796 pila
898 1699 985 1772 inter
1015 1700 1125 1770 undas
1153 1719 1318 1792 poterant.

351 1814 481 1886 Contra
497 1815 674 1888 Cheruscis
689 1817 782 1890 sueta
797 1820 890 1914 apud
908 1818 1050 1915 paludes
1077 1817 1211 1912 proelia,
1239 1843 1319 1913 pro-

351 1957 427 2006 cera
443 1936 615 2024 membra,
639 1935 743 2008 hastae
758 1937 917 2034 ingentes
933 1938 978 2009 ad
993 1937 1134 2008 vulnera
1150 1933 1318 2026 facienda,

351 2037 510 2148 quanivis
538 2055 681 2147 procul:
716 2079 788 2127 nox
823 2056 968 2127 demum
1004 2054 1202 2126 inclinantes
1242 2073 1319 2127 tum

350 2169 504 2266 legiones
539 2170 687 2244 adversae
717 2198 843 2268 pugnae
874 2171 1013 2245 exemit.
1073 2172 1238 2244 Germani
1270 2175 1320 2246 ob

351 2288 512 2386 prospera
527 2289 691 2380 indefesfi,
710 2316 753 2362 ne
775 2310 850 2362 tum
875 2290 1017 2386 quidem
1030 2289 1164 2386 sumpta
1191 2290 1318 2387 quiete,

352 2428 522 2505 quantum
539 2434 704 2505 aquarum
720 2406 1067 2504 circumsurgentibus
1081 2407 1176 2506 jugis
1197 2409 1319 2498 oritur,

350 2529 484 2599 vertere
509 2528 545 2598 in
569 2524 741 2622 subjecta:
781 2529 957 2623 mersaque
991 2529 1113 2617 humo,
1140 2531 1173 2598 δι
1193 2531 1320 2600 obruto

351 2647 448 2742 quod
491 2647 654 2718 effectum
687 2645 813 2740 operis,
848 2645 1041 2741 duplicatus
1079 2645 1177 2718 militi
1210 2647 1319 2720 labor.

250 2806 253 2812 ·
351 2765 665 2861 Qadragesrmum
694 2763 730 2834 id
766 2763 976 2859 stipendium
1003 2763 1141 2836 Caecina
1164 2763 1318 2858 parendi,

350 2903 410 2955 aut
435 2881 654 2979 imperitandi
683 2883 856 2954 habebat:
892 2880 1117 2954 secundarum
1138 2881 1319 2979 ambigua·

350 3027 497 3098 rumque
518 3025 632 3102 rerum
661 2997 778 3087 sciens,
802 3000 913 3096 eoque
937 2999 1116 3072 interritus.
1142 3000 1252 3098 Igitur
1265 3001 1320 3074 fu·

241 3175 245 3182 -
284 3200 287 3207 Δ
350 3139 426 3193 tura
440 3122 600 3206 volvem,
623 3144 694 3189 non
710 3117 806 3191 aliud
823 3117 959 3212 reperit,
984 3119 1091 3214 quam
1116 3139 1154 3190 ut
1186 3121 1320 3192 hostem

351 3239 441 3312 salvis
456 3244 639 3325 coerceret,
670 3237 782 3308 donec
798 3234 913 3325 saucii,
932 3257 1169 3333 quantumque
1186 3240 1320 3336 gravio·

350 3358 395 3429 ris
420 3355 581 3452 agminis,
618 3353 806 3425 anteirent:
837 3379 917 3425 nam
943 3353 1059 3426 medio
1087 3357 1259 3430 montium
1285 3363 1319 3432 ἃ

352 3476 520 3571 paludum
541 3464 799 3570 ¹porrigebatur
841 3469 1017 3566 planicies,
1068 3499 1145 3570 quae
1180 3496 1320 3550 tenuem

350 3591 461 3666 aciem
477 3609 655 3688 pateretur.
681 3589 891 3687 Deligtmtur
904 3589 1070 3688 legiones,
1090 3591 1210 3688 quinta
1233 3597 1319 3668 dex-

351 3729 406 3783 tro
432 3710 553 3795 lateri3
580 3708 823 3782 unetvicesima
845 3708 882 3779 in
903 3709 1056 3793 laevum3
1086 3709 1235 3806 primani
1255 3714 1320 3784 du-

351 3829 503 3902 cendum
530 3830 576 3903 ad
607 3852 758 3927 agmen3
790 3827 1014 3902 vicesimanus
1052 3829 1237 3904 adversum
1270 3829 1320 3905 se·
1410 3910 1414 3927 ‚

348 3969 496 4024 tuturos.
