3259 5284
500 591 803 659 Anunmun
844 584 1028 656 Lra.ll.
1208 609 1269 661 121

310 762 337 804 “
356 757 499 847 veniret,
516 755 779 854 transferretque
794 755 960 828 invidiam
976 753 1165 828 criminis.’'
1208 757 1276 828 Eas

308 877 420 950 literas
435 876 593 948 Latinius
609 877 748 948 Pandus
783 883 973 973 propraetor
1006 877 1156 962 Moefiae,
1193 901 1275 948 cum

310 996 490 1084 militibus,
521 996 600 1091 quls
633 994 743 1089 Cotys
777 996 977 1083 traderetur,
1021 993 1056 1064 in
1088 993 1275 1065 Thraciam

310 1113 409 1186 misit.
459 1113 692 1210 Rhescuporis
709 1114 800 1186 inter
826 1135 958 1186 metum
989 1118 1023 1185 &
1052 1113 1139 1184 iram
1168 1138 1273 1185 cunc-

308 1252 413 1323 tatus,
434 1234 556 1306 maluit
575 1233 710 1330 patrati,
730 1234 837 1329 quam
855 1232 999 1328 incoepti
1027 1230 1182 1305 facinoris
1198 1256 1274 1303 reus

308 1354 399 1424 esse:
432 1353 590 1427 “occidi
619 1353 760 1448 Cotyn''
776 1350 890 1449 jubet,
913 1369 1130 1448 mortemque
1156 1349 1274 1446 sponte
1296 1419 1297 1424 ,

307 1467 483 1566 sumptam
517 1471 711 1544 ementitur.
777 1472 854 1544 Nec
872 1491 987 1542 tamen
1005 1469 1116 1542 Caesar
1135 1469 1274 1564 placitas

308 1587 412 1661 semel
428 1611 516 1664 artes
534 1589 682 1663 mutavit
697 1619 707 1674 3
736 1587 795 1661 sed
822 1587 985 1660 desumto
1001 1589 1135 1676 Pand0,
1167 1613 1274 1684 quem

308 1709 369 1780 fibi
386 1707 554 1781 infensum
572 1708 804 1804 Rhescuporis
832 1707 1010 1804 arguebat,
1037 1705 1274 1801 Pomponium

309 1828 490 1916 Flaccum,
508 1846 660 1898 veterem
682 1825 871 1922 stipendiis,
903 1829 935 1898 δι
965 1825 1054 1896 arcta
1084 1849 1165 1896 cum
1193 1847 1275 1920 rege

308 1944 472 2033 amicitia,
508 1945 620 2040 eoque
636 1943 990 2016 accommodatiorem
1005 1944 1049 2016 ad
1067 1939 1272 2032 fallendum,

308 2066 357 2136 ob
374 2062 410 2134 id
428 2061 580 2134 maxime
596 2065 733 2134 Moefiae
751 2060 914 2158 praefecit.
1322 2147 1329 2154 ,

354 2184 506 2256 LXVII.
542 2185 723 2256 anccus
753 2181 791 2253 in
818 2180 1006 2253 Thraciam
1038 2178 1271 2276 transgressus,

308 2327 369 2399 per
402 2301 555 2400 ingentia
594 2301 768 2398 promissa,
809 2301 968 2398 quamvis
995 2299 1203 2398 ambiguum
1238 2303 1273 2371 δι

307 2420 430 2494 scelera
444 2418 503 2492 sua
519 2439 748 2516 reputantem,
775 2419 939 2516 perpulit,
962 2439 999 2492 ut
1017 2417 1168 2516 praefidia
1197 2422 1272 2491 Ro-

308 2563 410 2610 mana
426 2538 590 2610 intraret:
616 2539 831 2610 circumdata
846 2537 927 2609 hinc
942 2538 1013 2635 regi
1029 2536 1139 2634 specie
1161 2538 1272 2610 hono·

308 2654 353 2726 ris
369 2653 484 2727 valida
500 2680 635 2742 manus,
656 2655 868 2751 tribunique,
896 2655 1170 2744 &centuriones,
1196 2681 1271 2727 mo-

309 2775 439 2862 nendo,
466 2770 654 2861 suadendo,
689 2778 722 2844 &
750 2771 881 2870 quanto
905 2773 1042 2868 longius
1067 2771 1271 2845 abscedeba-

307 2911 363 2962 tur
378 2891 543 2986 apertiore
560 2889 726 2978 custodia,
744 2887 914 2985 postremo
939 2913 1085 2986 gnarum
1101 2892 1272 2962 necessita-

307 3008 350 3080 tis
365 3009 401 3080 in
417 3010 553 3081 Urbem
569 3009 712 3080 traxere.
755 3004 944 3080 Accusatus
961 3006 996 3077 in
1013 3003 1128 3080 senatu
1145 3009 1190 3080 ab
1206 3035 1272 3082 ux·

306 3153 366 3200 ote
393 3127 512 3222 Cotyis
544 3128 740 3216 damnatur,
772 3147 811 3198 ut
829 3127 950 3222 procul
968 3149 1075 3221 regno
1091 3145 1272 3199 teneretur.

306 3246 457 3318 Thracia
484 3245 519 3316 in
544 3247 811 3318 Rhoemetalcen
840 3244 966 3334 filium,
989 3269 1095 3341 quem
1125 3246 1273 3341 paternis

305 3364 451 3438 consiliis
478 3361 692 3437 adversatum
716 3363 902 3454 constabat,
928 3363 1034 3460 inque
1053 3361 1179 3441 liberos
1202 3364 1272 3436 Co·

304 3483 371 3578 tyis
387 3481 573 3555 dividitur:
599 3480 706 3580 iisque
720 3484 880 3556 nondum
896 3481 1020 3555 adultis
1032 3480 1273 3554 Trebellienus

306 3600 421 3674 Rufus
432 3603 580 3696 praetura
594 3600 731 3673 fuan
746 3603 862 3690 datur,
888 3601 947 3697 qui
971 3625 1120 3696 regnum
1137 3600 1272 3674 interim

305 3720 476 3808 tractaret,
501 3720 665 3816 exemplo
693 3747 763 3817 quo
789 3719 931 3818 majores
963 3722 1128 3793 Marcum
1163 3720 1272 3816 Lepi-

304 3835 393 3906 dum
434 3837 613 3910 Ptolemaei
644 3837 759 3911 liberis
795 3859 961 3929 tutorem,
1001 3838 1036 3912 in
1071 3837 1271 3934 AEgyptum

304 3951 474 4051 auferant.
539 3955 767 4060 Rhescuporis
801 3956 1050 4034 Alexandriam
1093 3957 1270 4050 devectus,
