3259 5284
375 621 422 690 24
528 597 1127 676 C.Connar11Tnc1rt

372 793 453 842 nem
471 772 666 862 retulerant,
700 773 845 847 vocibus
868 773 1069 848 tnrculentis
1084 773 1232 870 strepere
1242 801 1254 860 ;
1271 799 1346 848 rur·

371 887 459 979 sum,
489 888 561 962 viso
587 889 732 982 Caesare,
762 893 954 990 trepidare:
973 917 1130 966 murmur
1162 892 1346 983 incertum,

371 1027 472 1080 atrox
489 1010 633 1099 clamor,
652 1013 684 1084 δι
703 1015 843 1109 repente
859 1013 978 1110 quies:
996 1012 1135 1085 diversis
1149 1012 1346 1085 animorum

373 1127 536 1219 motibus,
587 1133 758 1226 pavebant
794 1137 1049 1230 terrebantque.
1097 1131 1260 1204 Tandem
1291 1131 1347 1203 in·

372 1265 527 1342 terrupto
559 1252 724 1341 tumultu,
759 1252 870 1325 literas
903 1251 1006 1350 patris
1037 1249 1169 1339 recitat,
1197 1249 1234 1322 in
1266 1252 1348 1348 quis

371 1363 595 1462 perscriptum
623 1391 707 1460 erat,
742 1378 769 1414 “
788 1372 995 1470 praecipuam
1012 1371 1072 1467 ipsr
1093 1367 1345 1441 fortiffimarum

375 1484 599 1582 “legionum
624 1514 755 1582 curam,
789 1490 992 1587 quibuscum
1010 1489 1157 1587 plurima
1183 1489 1275 1560 bella
1289 1507 1346 1560 to-

373 1610 401 1645 “
420 1603 608 1678 leravilset:
629 1607 688 1680 ubi
705 1609 857 1704 primum
868 1637 890 1682 a
901 1611 995 1682 ludu
1008 1605 1184 1704 requieffet
1196 1606 1344 1695 animus,

373 1729 401 1766 “
419 1724 574 1796 attumm
600 1729 692 1822 apud
709 1747 819 1823 patres
851 1729 896 1800 de
914 1726 1085 1824 postulatis
1113 1749 1233 1797 comm
1250 1752 1259 1795 z
1279 1724 1346 1795 mi-

373 1848 402 1885 “
420 1843 489 1914 srlse
518 1843 655 1916 interim
673 1847 796 1937 filium,
826 1867 865 1920 ut
882 1851 951 1919 fine
977 1843 1193 1918 cundatione
1221 1867 1347 1916 conce-

373 1968 401 2003 “
419 1963 529 2052 deret,
564 1989 641 2060 quae
657 1965 768 2038 statim
784 1966 888 2039 tribui
922 1967 1053 2062 pollent
1067 1992 1076 2035 ε
1092 1982 1205 2035 cetera
1219 1959 1347 2034 senatui

373 2086 401 2124 “
419 2078 596 2173 servanda,
628 2110 732 2180 quern
751 2111 863 2182 neque
878 2085 1008 2182 gratiae,
1034 2107 1148 2180 neque
1163 2078 1348 2153 severitatis

374 2206 402 2243 “
420 2221 598 2296 expertem
616 2203 732 2275 baberi
751 2229 810 2300 par
827 2206 919 2275 ess'er.
936 2205 959 2235 ''

420 2321 555 2391 XXVI.
585 2323 827 2395 Rasronsun
843 2323 890 2395 est
906 2349 927 2394 a
943 2322 1121 2409 concione,
1142 2320 1349 2393 “mandata

373 2445 402 2481 “
419 2439 591 2511 Clementi
607 2441 813 2530 centurioni,
840 2467 917 2538 quae
934 2439 1109 2536 proferret.
1124 2440 1146 2470 ''
1163 2441 1196 2511 ls
1212 2438 1347 2511 orditur

374 2564 403 2600 “
421 2559 465 2631 de
482 2557 635 2633 miffione
652 2585 672 2630 a
688 2559 861 2633 sexdecim
872 2559 970 2632 annis
987 2589 995 2632 ε
1014 2561 1060 2630 de
1076 2557 1223 2656 praemiis
1239 2558 1346 2632 finita

373 2683 402 2719 “
421 2676 573 2749 militiae:
602 2697 640 2750 ut
658 2679 814 2752 denarius
831 2680 993 2752 diurnmn
1010 2675 1216 2774 stipendium
1232 2675 1344 2750 foret:

373 2803 403 2838 “
421 2821 466 2869 ne
493 2797 643 2868 veterani
672 2795 734 2870 sub
761 2799 892 2871 vexillo
924 2800 1141 2870 haberentur.
1159 2797 1182 2828 ”
1214 2795 1275 2869 Ad
1306 2821 1348 2870 ea

371 2912 516 3006 Drusus,
546 2917 627 2990 clim
659 2917 839 2990 arbitrium
866 2915 999 2990 senatus
1032 2919 1066 2987 δι
1095 2915 1197 3012 patris
1222 2917 1345 2988 obten-
1424 2987 1431 2999 ,

371 3035 482 3124 deret,
516 3037 667 3108 clamore
693 3038 863 3109 turbatur.
892 3042 920 3078 “
932 3035 1020 3125 ‚Cur
1046 3035 1201 3124 venisset,
1234 3059 1350 3130 neque

375 3155 589 3252 “augendis
617 3154 767 3226 militum
793 3153 979 3250 stipendiis,
1010 3178 1123 3251 neque
1147 3153 1347 3228 adlevandis

373 3280 403 3316 “
422 3273 609 3362 laboribus,
638 3273 788 3369 denique
820 3274 915 3345 nulla
930 3271 1165 3346 benefaciendi
1181 3273 1343 3347 licentid?

373 3399 402 3434 “
420 3411 454 3464 at
472 3393 609 3464 hercule
638 3395 794 3481 verbera,
823 3395 857 3464 dt
876 3416 996 3464 necem
1012 3392 1141 3465 cunetis
1168 3392 1342 3490 permitti:

372 3518 400 3554 “
418 3511 600 3583 Tiberium
618 3511 701 3582 olim
719 3510 859 3583 nomine
876 3510 1025 3609 Augusti
1055 3511 1221 3585 desideria
1238 3511 1347 3609 legio-

372 3638 401 3674 “
420 3656 504 3704 num
524 3629 671 3703 frustrari
687 3628 824 3702 solitum
841 3657 850 3702 t
870 3621 1005 3703 easdem
1020 3650 1109 3702 artes
1125 3629 1276 3705 Drusum
1294 3655 1347 3702 re·

371 3758 399 3794 “
418 3750 538 3822 tuliffe.
582 3752 834 3846 Numquamne
849 3751 894 3822 ad
910 3748 943 3822 se
959 3751 1018 3822 nisr
1035 3750 1124 3822 filios
1141 3748 1348 3824 familiarum

370 3875 399 3911 “
417 3873 606 3942 venturos?
627 3895 757 3941 novum
774 3869 810 3941 id
828 3869 942 3966 plane,
963 3867 1060 3966 qubd
1077 3867 1261 3966 imperator
1276 3867 1349 3942 sola

370 3995 397 4032 “
415 3987 532 4062 militis
549 3987 737 4063 commoda
762 3989 805 4062 ad
822 3987 977 4060 senatum
1001 3985 1150 4085 rejiciat:
1181 3987 1346 4062 etuudem
