3259 5284
372 535 436 607 118
612 529 1119 632 C.Conuan11TAcrr1

367 708 471 778 rebus
486 701 571 800 ejus,
597 701 763 775 ultionem
780 701 887 774 ausus.
937 705 970 775 Is
995 703 1106 774 valida
1129 727 1234 776 manu
1251 705 1335 778 fines

368 825 700 896 Marcomannorum
714 819 914 917 ingreditur,
932 819 1165 918 cormptisque
1178 821 1336 917 primori-

368 941 433 1012 bus
445 941 489 1011 ad
502 937 709 1028 societatem,
738 938 902 1035 inrumpit
917 938 1064 1036 regiam,
1078 938 1338 1037 castellumque

251 1061 258 1072 ’
362 1053 466 1152 juxta
479 1059 595 1128 fitum:
621 1077 751 1129 veteres
763 1056 835 1130 illic
846 1058 1038 1130 Suevorum
1055 1058 1193 1152 praedae,
1218 1057 1336 1130 &nos-

368 1173 428 1245 tris
443 1199 464 1244 e
479 1173 665 1270 provinciis
679 1174 774 1264 lixa,
797 1201 837 1246 ac
852 1175 1081 1272 negotiatores
1094 1175 1231 1270 reperti,
1250 1201 1339 1273 quos

363 1290 421 1390 jus
449 1292 661 1381 commercii,
698 1293 779 1364 dein
805 1293 935 1389 cupido
960 1292 1112 1390 augendi
1139 1297 1336 1387 pecuniam,

371 1409 581 1505 postremdm
597 1410 728 1483 oblivio
745 1409 876 1506 patria,
901 1407 968 1482 suis
985 1435 1160 1507 quemque
1185 1412 1230 1484 ab
1252 1411 1337 1484 sedi-

370 1530 435 1602 bus
451 1529 611 1600 hostilem
623 1528 660 1600 in
673 1554 795 1626 agrum
811 1527 992 1601 transtulit.

418 1647 553 1718 LXIII.
566 1649 827 1721 Manononuo
844 1645 998 1744 undique
1013 1645 1145 1718 deserto
1158 1672 1229 1720 non
1245 1648 1340 1722 aliud

369 1761 571 1854 subsrdium,
597 1766 704 1862 quam
717 1763 945 1836 misericordia
959 1763 1099 1838 Caesaris
1114 1763 1180 1838 suit
1195 1794 1204 1838 ι
1234 1767 1338 1840 trans-

371 1884 499 1979 gressus
511 1881 727 1971 Danubium,
754 1883 824 1980 qua
840 1881 1009 1956 Noricam
1024 1882 1238 1980 provinciam
1251 1911 1340 1981 prae-

370 1998 461 2088 fluit,
486 1997 613 2096 scripsrt
624 1999 781 2090 Tiberin,
800 2027 871 2072 non
882 2020 919 2072 ut
932 1999 1100 2098 profugus
1111 2021 1169 2073 aut
1181 1999 1339 2099 supplex,

369 2115 428 2190 sed
440 2141 484 2188 ex
496 2116 663 2190 memorial
674 2115 795 2213 prioris
807 2116 965 2190 sortunae.
1000 2121 1136 2192 “Nam
1149 2120 1267 2193 multis
1279 2145 1340 2192 na-

372 2241 401 2278 “
417 2233 567 2307 tionibus
592 2234 810 2312 clarissimum
836 2236 1016 2331 quondam
1032 2261 1150 2332 regern
1168 2240 1212 2310 ad
1228 2238 1261 2311 se
1276 2264 1340 2311 vo-

371 2357 401 2396 “
419 2351 588 2440 cantibus,
602 2356 802 2440 Romanam
815 2352 1004 2426 amicitiam
1016 2354 1234 2449 praetuhlle.''
1267 2361 1340 2431 Re-

368 2467 531 2566 sponsum
542 2496 563 2540 a
574 2465 721 2557 Caesare,
730 2477 759 2510 “
773 2491 885 2543 tutam
899 2470 929 2543 ei
943 2473 1217 2569 honoratamque
1227 2473 1341 2548 sedem

371 2594 400 2632 “
418 2589 454 2662 in
469 2588 566 2661 Italia
581 2585 668 2677 sore,
695 2592 723 2685 fi,
740 2593 917 2663 maneret:
945 2593 993 2662 fin
1017 2592 1119 2662 rebus
1146 2589 1217 2687 ejus
1246 2592 1342 2666 aliud

372 2713 401 2750 “
419 2707 639 2795 conduceret,
665 2705 840 2780 abiturum
858 2709 940 2796 fide,
978 2710 1047 2804 qud
1071 2708 1248 2783 veniffet.'’
1273 2713 1341 2784 Ce-

369 2825 485 2898 teriam
495 2826 588 2921 apud
598 2823 752 2898 senatum
761 2825 927 2915 disseruit,
947 2833 974 2870 “
985 2852 1056 2900 non
1072 2827 1273 2925 Philippum
1290 2835 1342 2902 A·

371 2950 402 2988 “
419 2944 661 3032 theniensrbus,
679 2968 751 3015 non
763 2945 949 3038 Pyrrhum,
963 2964 1021 3017 aut
1035 2923 1265 3036 Antiochum,
1279 2974 1343 3043 po-

373 3067 403 3105 “
421 3064 506 3159 pulo
522 3065 685 3134 Romano
697 3060 838 3157 perinde
848 3065 1052 3136 metuendos
1064 3063 1196 3137 suisse.''
1225 3065 1344 3174 Exstat

372 3178 496 3269 orati0‚
525 3186 554 3222 “
573 3181 640 3275 qua
656 3177 933 3274 magnitudinem
950 3179 1030 3269 viri,
1050 3181 1250 3254 violentiam
1265 3183 1344 3282 sub-

374 3304 402 3340 “
415 3295 586 3393 jestamm
599 3295 629 3366 ei
643 3295 815 3390 gentium,
842 3301 875 3368 δι
890 3301 997 3393 quam
1011 3299 1225 3394 propinquus
1237 3281 1344 3372 Italiae

374 3420 403 3458 “
421 3413 540 3502 hostis,
569 3411 697 3508 suaque
717 3411 753 3484 in
775 3413 981 3487 destruendo
998 3441 1039 3488 eo
1057 3416 1218 3488 confilia''
1245 3437 1344 3488 extu-

373 3531 424 3604 lit.
476 3533 522 3605 Et
538 3531 779 3604 Maroboduus
791 3531 935 3626 quidem
948 3537 1127 3606 Ravenna
1144 3533 1293 3622 habitus,
1322 3537 1346 3607 st

373 3651 515 3748 quando
527 3647 761 3722 insolescerent
774 3649 892 3742 Suevi,
919 3654 1011 3747 quasi
1028 3651 1249 3726 rediturus'in
1265 3678 1345 3750 reg·

373 3794 461 3843 num
478 3768 732 3840 ostentabatur:
760 3767 817 3841 sed
834 3795 905 3841 non
922 3772 1057 3844 exceffit
1072 3771 1168 3844 Italia
1185 3795 1244 3868 per
1257 3773 1345 3844 duo-

371 3885 543 3986 deviginti
564 3911 697 3973 annos;
723 3885 983 3986 consenuitque,
1009 3889 1161 3964 multum
1178 3889 1344 3964 imminu·
