3259 5284
536 453 555 504 ι

536 562 843 638 Aruanruru
876 563 985 638 Lrn.
1019 560 1048 640 Ῑ.
1222 589 1267 665 35

271 819 274 830 Ι
291 736 434 834 perduci
454 738 499 810 ad
521 735 552 810 se
564 739 734 812 Plancum
748 739 909 835 imperat,
933 736 1124 834 recipitque
1144 738 1181 812 in
1204 740 1267 812 tri-

291 859 407 930 bunal.
466 859 563 930 Tum
599 866 626 900 “
652 857 818 932 fatalem’'
853 857 1032 954 increpans
1066 866 1093 901 “
1119 859 1266 950 rabiem,

294 983 321 1020 “
336 1003 448 1074 neque
474 977 638 1066 militum,
668 976 727 1050 sed
757 979 866 1051 deum
889 977 940 1050 ira
964 976 1176 1077 resurgere”,
1205 1005 1269 1054 cur

294 1097 449 1170 venerint
470 1098 573 1196 legati
594 1097 722 1195 aperit:
753 1097 848 1196 “jus
863 1097 1058 1195 legationis,
1085 1119 1190 1196 atque
1210 1099 1266 1196 ip-

293 1223 320 1260 “
336 1221 399 1290 fius
418 1213 536 1289 Planci
553 1243 701 1315 gravem
718 1219 755 1288 δι
771 1182 994 1293 lr'rlnieritum
1010 1216 1139 1307 casum,
1165 1220 1266 1292 srmul

293 1344 502 1434 “quantum
525 1335 704 1410 dedecoris
729 1336 851 1409 adierit
874 1336 1008 1434 legio‚''
1029 1335 1177 1410 facunde
1199 1338 1265 1410 mi·

289 1456 439 1530 seratur:
463 1437 675 1552 attoniidque
687 1456 811 1554 magis,
834 1456 942 1551 quam
956 1455 1069 1552 quieta
1081 1455 1264 1546 concione,

290 1578 422 1674 legatos
437 1575 593 1672 praesrdio
605 1574 825 1648 auxiliarium
839 1573 999 1669 equitum
1010 1570 1166 1647 dimittit.

339 1698 421 1768 XL.
449 1697 505 1766 Eo
522 1721 565 1766 ru
581 1719 690 1767 muru
705 1696 850 1791 arguere
862 1692 1113 1766 Germanicum
1125 1719 1263 1784 omnes,

292 1815 388 1912 quod
404 1841 475 1888 non
496 1815 541 1886 ad
562 1812 772 1910 superiorem
795 1813 988 1885 exercitum
1008 1832 1180 1909 pergeret,
1202 1813 1265 1887 ubi

290 1933 465 2033 obsequia,
493 1938 526 2006 δι
541 1953 661 2006 contra
677 1933 821 2006 rebelles
836 1930 1016 2005 auxilium.
1067 1930 1193 2004 “Satis
1209 1929 1264 2004 su-

291 2060 464 2151 “perque
489 2052 643 2125 miffione
668 2053 705 2124 &
731 2051 891 2148 pecunia,
922 2056 955 2124 δι
984 2050 1149 2123 mollibus
1175 2076 1262 2123 con·

291 2171 422 2246 “sultis
437 2191 638 2269 peccatum:
666 2172 722 2243 vel
740 2176 762 2244 sr
779 2170 856 2243 vilis
868 2171 929 2266 ipfi
945 2169 1046 2259 salus,
1071 2195 1132 2242 cur
1148 2168 1262 2244 filium

290 2297 318 2334 “
332 2292 532 2387 parvulum,
558 2315 620 2362 cur
640 2289 821 2388 gravidam
836 2287 1024 2386 conjugem
1040 2289 1128 2361 inter
1144 2287 1261 2361 furen-

291 2418 317 2453 “
331 2431 396 2500 tes,
420 2408 457 2486 δι
484 2409 597 2492 omnis
622 2409 765 2482 humani
779 2407 867 2506 juris
891 2409 1073 2481 violatores
1090 2409 1260 2482 haberet?
1355 2491 1360 2501 ,

290 2529 407 2602 “illos
428 2527 547 2601 saltem
568 2509 707 2640 arod}
731 2528 927 2655 reipubl&
942 2529 1145 2615 redderet.''·
1188 2529 1263 2601 Diu

289 2649 480 2737 cundatus,
506 2631 742 2776 aspernamerp
769 2673 933 2735 uxorem,
957 2647 1051 2719 'cum
1074 2654 1102 2689 “
1124 2645 1158 2718 se
1176 2647 1263 2718 divo

290 2773 318 2808 “
331 2767 494 2864 Augusto
508 2787 635 2854 ortam,
664 2791 775 2862 neque
799 2765 1010 2863 degenerem
1025 2766 1070 2836 ad
1088 2763 1263 2859 pericula”

287 2885 479 2974 testaretur,
505 2883 680 2980 postremo
698 2904 837 2956 uterum
860 2881 946 2979 ejus,
975 2888 1008 2956 ὅτ
1033 2905 1262 2956 communem

288 3003 400 3076 filium
436 3005 550 3075 multo
584 3029 667 3074 cum
703 3005 786 3074 fletu
819 3003 1041 3098 complexus,
1081 3021 1122 3074 ut
1154 2999 1265 3073 abiret

286 3123 446 3220 perpulit.
481 3122 668 3196 Incedebat
685 3119 1106 3194 muliebre&miserabile
1118 3145 1263 3218 agmen,

286 3241 435 3339 profuga
451 3240 549 3314 ducis
572 3265 662 3313 uxor
678 3240 864 3338 parvulum
888 3243 961 3312 finu
981 3239 1093 3313 filium
1119 3264 1262 3338 gerens;

284 3362 507 3452 lamentantes
522 3360 654 3433 circdm
666 3359 861 3432 amicorum
874 3357 1055 3457 conjuges,
1070 3386 1148 3456 quae
1162 3361 1262 3431 simul

285 3481 526 3570 trahebantur:
551 3503 616 3550 nec
628 3478 742 3550 minus
759 3477 868 3550 tristes
881 3478 941 3574 qui
956 3480 1153 3551 manebant.

333 3599 433 3670 XLl.
457 3599 551 3669 Nou
576 3622 794 3670 raonnurrs
818 3596 972 3686 Caesaris,
998 3623 1111 3693 neque
1131 3596 1199 3670 suis
1224 3598 1262 3671 in

285 3715 415 3806 castris,
440 3715 497 3788 sed
510 3716 606 3789 velut
623 3715 659 3786 in
669 3716 757 3787 urbe
770 3715 875 3804 vida,
900 3714 1015 3806 facies,
1044 3697 1264 3814 gemitusque

285 3861 325 3908 ac
337 3835 505 3930 planctus,
528 3834 633 3907 etiam
650 3832 801 3905 militum
813 3859 913 3907 aures
926 3860 1057 3932 oraque
1069 3835 1263 3908 advertere.

284 3937 562 4053 Pdogrediuntur
591 3952 845 4124 ⁶⁰¹¹wbiinii⁵³
887 3961 913 3996 “
940 3955 1018 4051 quis
1045 3953 1103 4026 ille
1137 3952 1262 4028 flebilis

564 4107 569 4116 .
790 4077 809 4123 z
