3259 5284
534 568 846 641 Asianorum
871 564 984 637 Lrn.
1011 560 1074 635 Ill.
1227 565 1292 659 183

323 744 451 823 bantur
466 741 597 838 templa
613 738 760 837 peffimis
779 736 1018 811 servitiorum:
1047 734 1172 808 eodem
1188 732 1294 811 subsr-

322 860 382 931 dio
400 860 539 933 obaerati
556 859 740 932 adversum
756 856 957 945 creditores,
974 852 1188 951 suspedique
1200 854 1294 953 capi-

321 979 443 1053 talium
459 978 647 1052 criminum
664 979 941 1074 receptabantur.
990 976 1069 1048 Nec
1086 975 1199 1049 ullum
1217 972 1293 1048 satis

320 1098 476 1185 validum
494 1096 679 1194 imperium
690 1114 763 1170 erat
775 1094 977 1169 codrcendis
993 1091 1216 1167 seditionibus
1228 1118 1292 1190 po·

320 1217 408 1315 puli,
445 1196 579 1313 flagitia
609 1215 807 1304 bominum,
845 1233 884 1287 ut
916 1212 1130 1287 carimonias
1168 1213 1291 1303 deum,

319 1334 550 1433 protegentis.
593 1334 704 1433 Igitur
732 1332 915 1431 placitum,
941 1352 980 1407 ut
1009 1330 1183 1405 mitterent
1206 1332 1291 1405 civi-

318 1473 406 1527 tates
415 1452 510 1551 jura,
535 1473 639 1550 atque
654 1453 801 1551 legatos.
852 1455 899 1525 Et
912 1451 1089 1549 quadam,
1116 1451 1211 1547 quod
1227 1449 1292 1523 fal-

318 1573 357 1645 sb
375 1571 632 1670 usurpaverant,
660 1569 781 1667 sponte
799 1569 965 1643 omisere:
999 1570 1119 1643 multae
1149 1569 1292 1645 vetustis

317 1690 626 1787 superstitionibus,
652 1709 712 1761 aut
736 1688 867 1762 meritis
892 1688 928 1765 in
957 1688 1128 1784 populum
1155 1692 1289 1764 Roma-

319 1834 406 1881 num
429 1808 597 1881 sidebant.
646 1809 853 1904 Magnaque
877 1804 948 1903 ejus
971 1804 1039 1882 diei
1065 1803 1192 1902 speeies
1209 1806 1288 1898 suit,
1405 1808 1408 1817 ’

319 1952 394 2024 quo
410 1924 541 1999 senatus
567 1924 738 2024 majorum
766 1924 947 2013 beneficia,
973 1923 1151 1999 sociorum
1175 1928 1288 2022 pasta,

317 2069 444 2142 regum
461 2043 581 2134 etiam,
609 2044 760 2141 quiante
776 2044 850 2117 vim
875 2047 1076 2117 Romanam
1094 2045 1286 2136 valuerant,

314 2164 467 2253 decreta,
492 2162 716 2259 ipsorumque
743 2161 930 2235 numinum
958 2161 1142 2258 religiones
1168 2163 1289 2238 intros-

315 2281 437 2377 pexit3
462 2282 587 2371 libero,
613 2300 652 2354 ut
676 2280 870 2379 quondam,
898 2278 984 2377 quid
1007 2282 1158 2357 firmaret
1175 2304 1287 2359 muta·

316 2418 423 2473 retve.

259 2534 262 2541 '
356 2519 456 2591 LXI.
481 2520 607 2591 Pnrsrr
637 2517 799 2591 omnium
829 2516 966 2613 Ephesii
996 2518 1125 2609 adisse,
1153 2545 1288 2594 memo·

314 2656 454 2711 rantes:
482 2644 510 2679 “
528 2638 627 2726 Non,
653 2656 693 2710 ut
715 2637 843 2734 vulgus
865 2637 1032 2727 crederet,
1059 2636 1212 2711 Dianam
1235 2659 1287 2713 at·

314 2763 344 2800 “
362 2781 431 2853 que
444 2754 648 2852 Apollinem
659 2756 752 2829 Delo
768 2754 928 2853 genitos:
955 2757 1021 2829 esse
1037 2757 1132 2851 apud
1149 2756 1182 2829 se
1194 2758 1286 2861 Cen-

318 2880 346 2916 “
363 2872 500 2947 ebrium
531 2898 686 2962 amnem,
712 2876 832 2949 lucum
855 2873 1056 2971 Ortygiam,
1083 2873 1145 2947 ubi
1173 2877 1284 2951 Lato

313 2999 343 3036 “
359 3018 456 3083 nam,
482 3012 584 3089 partu
609 2992 805 3089 gravidam,
825 2994 973 3082 &oleae,
992 3018 1071 3089 quae
1089 3012 1166 3067 tum
1183 2994 1286 3073 etiam

313 3116 345 3155 “
363 3131 513 3200 maneat,
531 3108 698 3201 adnisam,
714 3113 857 3187 edidisse
869 3138 909 3187 ea
925 3110 1092 3187 numina:
1120 3113 1285 3186 deorum,

313 3236 341 3273 “
361 3255 430 3329 que
446 3230 585 3305 monitu
601 3228 769 3305 sacratum
787 3258 922 3305 nemus.
974 3236 1095 3329 Atque
1111 3230 1222 3327 ipsum
1244 3232 1286 3304 il-

311 3355 339 3391 “
358 3349 402 3423 lic
421 3349 639 3446 Apollinem,
658 3350 733 3447 post
755 3349 949 3425 interfedos
974 3351 1163 3446 Cyclopas,
1181 3352 1282 3446 Jovis

310 3475 337 3511 “
355 3468 444 3541 iram
475 3467 642 3541 vitaviffe.
692 3473 786 3545 Mox
819 3470 992 3544 Liberum
1025 3490 1159 3566 patrem
1192 3472 1286 3545 bello

309 3592 337 3627 “
356 3587 538 3678 nidorem,
565 3586 777 3686 supplicibus
808 3595 1052 3679 Amazonum,
1080 3614 1158 3687 quae
1188 3616 1285 3665 aram

306 3709 336 3759 ·“
354 3702 559 3797 insederant,
586 3707 767 3805 ignoviffe.
821 3712 975 3783 Audam
997 3708 1094 3797 hinc,
1122 3713 1284 3783 concessu

308 3827 336 3875 “
354 3822 547 3914 Herculis,
576 3827 659 3907 curn
688 3828 806 3925 Lydis
828 3829 1010 3925 potiretur,
1046 3827 1282 3911 caerimoniam

777 3949 858 4043 Na
