3259 5284
453 632 761 702 Annnsrnn
795 624 993 699 Lrs.IV.
1166 650 1232 719 241

260 802 424 875 ficantem
441 802 525 898 patri
543 800 683 899 reperit:
712 825 782 897 quo
799 798 899 871 initio
922 794 1078 882 invidiae,
1105 798 1133 835 “
1151 794 1238 864 Non

264 926 292 964 “
311 919 486 1019 ejusdem’'
502 920 550 993 ait
576 928 602 963 ‘⁴
618 922 766 993 madare
782 919 867 991 divo
884 914 1047 1014 Augusto
1061 911 1237 1000 vistimas,

261 1046 291 1081 “
311 1044 344 1113 δι
368 1040 518 1136 posteros
535 1038 605 1137 ejus
629 1038 806 1111 insectari:
834 1062 907 1110 non
925 1036 960 1109 in
978 1033 1109 1131 effigies
1125 1050 1239 1105 mutas

263 1158 472 1232 “divinum
505 1159 666 1255 spiritum
698 1155 926 1241 transfusum3
962 1154 1020 1227 sed
1047 1152 1238 1249 imaginem

263 1287 290 1323 “
310 1305 440 1369 veram,
468 1278 593 1352 caelesti
618 1276 782 1375 sanguine
807 1298 933 1364 otram,
957 1270 1149 1369 intelligere
1171 1267 1240 1342 dis-

262 1407 290 1442 “
317 1399 464 1487 crimen,
504 1396 673 1493 suscipere
705 1394 831 1469 sordes.
886 1393 1022 1496 Frustra
1053 1390 1240 1462 Pulchram

262 1525 291 1561 “
308 1516 492 1615 praescribi,
523 1516 580 1589 cui
598 1514 667 1587 sola
684 1514 781 1587 exitii
798 1512 898 1587 causa
914 1516 965 1601 srt,
991 1511 1087 1607 quod
1104 1507 1237 1605 Agrip·

262 1644 290 1679 “
318 1638 438 1733 pinam
455 1635 554 1709 stulte
578 1633 708 1730 prorsus
725 1635 770 1705 ad
786 1636 919 1706 cultum
934 1628 1115 1727 delegerit,
1132 1628 1240 1701 oblita

261 1764 290 1800 “
309 1758 408 1829 Sosrae
438 1758 485 1857 ob
515 1756 637 1827 eadem
665 1753 852 1825 adssietaess’
911 1750 1046 1825 Audita
1079 1752 1154 1821 haec
1182 1773 1237 1820 ra-

148 1888 150 1891 ’
259 1900 334 1947 ram
352 1872 481 1947 occulti
510 1871 663 1968 pesloris
679 1896 803 1945 vocem
833 1871 995 1959 elicuere,
1026 1887 1238 1965 correptam-

262 2018 331 2090 que
363 1994 490 2064 Graeco
518 1988 614 2063 versu
635 1991 850 2063 admonuit:
878 1992 943 2061 ideo
973 1991 1057 2073 laedi,
1080 1992 1155 2085 quia
1182 2012 1250 2058 non-

261 2126 418 2207 regnares.
468 2112 618 2183 Pulchra
644 2113 677 2181 a
700 2110 847 2184 Furnius
864 2112 1082 2183 damnantur.
1134 2107 1236 2199 Afer,

261 2228 471 2325 primoribus
499 2250 675 2305 oratorum
699 2213 848 2326 additus,
874 2229 1056 2325 divulgato
1080 2227 1236 2326 ingeni0,

261 2352 295 2421 a
312 2346 425 2423 secuta
441 2347 696 2427 adseveratione
713 2347 867 2437 Caesaris,
885 2352 955 2445 qua
973 2355 1000 2390 “
1018 2348 1077 2421 suo
1085 2345 1166 2444 jure
1182 2348 1237 2421 di·

260 2474 289 2511 “
308 2466 460 2543 sertum''
477 2493 557 2543 eum
574 2469 778 2565 appellavit:
807 2493 893 2540 mox
911 2467 1121 2565 capessendis
1135 2493 1238 2541 accu-

259 2585 459 2678 sationibus,
482 2608 540 2662 aut
564 2612 639 2661 reos
662 2587 821 2677 tutando,
844 2584 1057 2683 prosperiore
1072 2588 1238 2685 eloquen-

259 2705 316 2777 tiae
339 2708 447 2803 quam
475 2732 613 2779 morum
640 2705 731 2779 famas
758 2704 841 2778 suit:
868 2706 929 2779 nifi
951 2704 1048 2803 quod
1073 2726 1155 2779 aetas
1175 2732 1238 2779 cx·

262 2841 373 2897 trema
399 2826 551 2898 multum
581 2824 686 2897 etiam
719 2824 926 2922 eloquentia
959 2826 1122 2921 dempsit,
1151 2826 1240 2899 dum

218 2956 222 2963 '
262 2940 344 3015 sessl
361 2963 477 3016 mente
502 2943 623 3017 retinet
645 2944 763 3017 silentii
781 2944 1044 3041 impatientiam.

311 3064 410 3136 LIII.
436 3068 496 3135 Ατ
514 3067 761 3154 nonnum,
780 3062 947 3160 pervicax
963 3063 1037 3153 ira,
1057 3068 1091 3137 &
1111 3067 1238 3138 morbo

258 3180 411 3279 corporis
438 3181 628 3279 implicata,
658 3184 739 3255 clim
767 3180 888 3255 viseret
911 3208 989 3256 eam
1005 3180 1130 3273 Caesar,
1156 3210 1239 3281 pro·

258 3298 338 3373 fusls
360 3300 422 3373 diu
443 3326 483 3375 ac
500 3320 559 3398 per
577 3302 744 3375 filentium
766 3302 932 3391 lacrimis,
959 3328 1045 3375 mox
1068 3302 1239 3377 invidiam

261 3424 430 3518 &preces
461 3422 633 3495 orditur:¹
656 3429 683 3465 “
701 3420 896 3496 subveniret
925 3421 1116 3511 solitudini,
1142 3424 1238 3498 daret

261 3544 291 3581 “
308 3540 494 3615 maritum:
522 3540 675 3615 habilem
692 3542 806 3615 adhuc
817 3540 1002 3639 juventam
1021 3542 1105 3629 fibi;
1124 3568 1239 3640 neque

260 3663 288 3699 “
305 3659 399 3731 aliud
429 3660 560 3759 probis,
595 3662 703 3759 quim
731 3686 775 3734 ex
808 3660 1028 3735 matrimonio
1056 3662 1234 3737 solatium:

260 3781 288 3818 “
306 3778 373 3849 elle
396 3778 432 3850 in
453 3780 606 3869 civitate,
641 3779 702 3878 qui
732 3780 933 3854 Germanici
960 3784 1160 3881 conjugem,
1194 3810 1236 3857 ac

260 3899 289 3936 “
306 3894 430 3969 liberos
454 3897 525 3995 ejus
544 3900 693 3997 recipere
711 3899 975 3998 dignarentur.”
1023 3904 1091 3975 Sed
1107 3900 1235 3992 Caesar,

258 4040 329 4089 non
346 4015 483 4115 ignarus
500 4040 671 4116 quantum
693 4044 738 4093 ex
762 4019 943 4117 republicfi
964 4042 1162 4118 peteretur;
1193 4046 1237 4094 ne

735 4140 773 4213 R
