3259 5284
472 612 777 687 Annnrrrrnr
809 612 924 684 er.
958 610 987 682 Ι.
1185 633 1228 710 ¹7

248 785 442 872 Meretur,
465 807 505 856 ea
521 779 633 872 causa,
660 781 757 878 quod
786 783 983 879 defignatus
999 779 1118 854 consul
1135 783 1229 854 Dnr-

253 903 320 990 sus,
345 899 655 1000 prasensque-erat.
716 900 929 974 Candidatos
955 919 1109 997 praeturae
1141 902 1231 976 duo-

251 1022 366 1096 decim
409 1019 617 1110 nominavit,
651 1045 839 1096 numerum
867 1023 912 1094 ab
939 1020 1100 1117 Augusto
1123 1023 1228 1095 tradi·

251 1161 353 1218 turn:
386 1144 422 1214 br
450 1142 608 1214 hortante
624 1139 741 1215 senatu
769 1162 808 1214 ut
836 1159 990 1238 augeret,
1007 1138 1230 1239 jurejurando

251 1258 447 1350 obstrinxit,
466 1258 500 1333 se
516 1285 588 1333 non
600 1264 829 1334 excellirtum.

301 1379 382 1454 XV.
406 1381 504 1454 Tvrr
523 1405 684 1454 errarunt
717 1405 736 1454 e
757 1407 884 1478 campo
901 1380 1041 1455 comitia
1056 1382 1103 1454 ad
1119 1402 1230 1478 patres

254 1500 412 1574 transsata
427 1497 514 1572 sunt.
531 1501 628 1575 Nam
645 1501 689 1586 ad
706 1527 783 1576 earn
795 1499 904 1590 diem,
923 1503 981 1574 etsi
994 1501 1162 1596 potissima
1177 1527 1228 1574 ar-

255 1617 356 1692 bitn'o
383 1617 563 1715 Principis,
598 1619 759 1717 quaedam
787 1640 906 1694 tamen
932 1619 1050 1694 studiis
1078 1619 1231 1694 tribuum

255 1739 407 1811 fiebant:
431 1763 545 1836 neque
562 1741 710 1836 populus
728 1741 931 1836 ademptum
939 1737 997 1836 jus
1012 1737 1150 1836 questus
1167 1739 1229 1828 est,

246 1856 315 1946 ,nili
331 1857 424 1933 inani
439 1883 599 1940 nonorez
627 1856 809 1931 &senatus
827 1857 1062 1956 largitionibus
1087 1883 1127 1933 ac
1152 1883 1229 1954 pre-

255 1975 352 2050 cibus
367 1973 509 2052 sordidis
526 1975 715 2066 exsolutus,
747 1977 858 2050 libens
873 1976 995 2065 tenuit,
1029 1978 1230 2051 moderante

256 2095 412 2186 Tiberio,
436 2121 480 2170 ne
497 2099 610 2193 plures
627 2097 735 2194 quarn
752 2117 899 2194 quatuor
911 2096 1111 2170 candidatos
1131 2121 1230 2173 com·

253 2215 444 2304 mandaret,
490 2218 558 2289 fine
590 2218 723 2312 repulsa
755 2222 788 2290 &
822 2216 956 2290 ambitu
986 2216 1227 2311 defignandos.

254 2334 347 2409 Inter
361 2359 440 2430 quae
456 2333 584 2417 tribuni
597 2335 722 2432 plebeii
735 2335 898 2432 petivere,
916 2355 954 2409 ut
978 2333 1115 2432 proprio
1137 2332 1230 2408 sum·

256 2473 316 2549 ptu
333 2454 471 2526 ederent
487 2453 601 2543 ludos,
633 2453 695 2552 qui
720 2456 765 2528 de
780 2454 921 2557 nomine
948 2452 1109 2550 Augusti,
1139 2453 1230 2532 fallis

253 2572 378 2662 additi,
397 2574 603 2672 Augustales
619 2593 842 2648 vocarentur:
862 2572 920 2645 sed
935 2573 1072 2644 decreta·
1086 2572 1232 2667 pecunia

254 2715 301 2767 ox
317 2690 446 2782 orario,
480 2711 589 2794 utque
604 2717 663 2788 per
678 2692 818 2766 Circum
834 2690 1032 2786 triumphali
1049 2691 1140 2764 veste
1156 2711 1230 2764 ute·

257 2829 370 2888 rentur
386 2838 394 2882 :
414 2836 512 2884 cumr
525 2810 604 2889 vehi
616 2812 708 2892 haud
721 2810 928 2908 permiffum.
943 2811 1037 2884 Mox
1049 2809 1232 2883 celebratio

257 2955 370 3008 annua
384 2931 429 3002 ad
447 2950 624 3026 praetorem
640 2932 809 3018 transsata,
836 2927 892 3000 cui
908 2927 995 3003 inter
1011 2925 1103 2998 cives
1121 2930 1154 2998 δι
1172 2953 1232 3023 pe-

257 3048 408 3145 regrinos
418 3046 605 3146 jurisditlio
622 3029 793 3124 evenisset.

306 3170 403 3242 XVI.
433 3170 516 3242 Hrc
542 3193 679 3242 aarum
695 3170 904 3244 urbanamm
920 3166 1023 3242 status
1039 3185 1123 3255 erat,
1151 3164 1234 3236 clim

258 3286 471 3361 Pannonicas
503 3287 656 3383 legiones
684 3285 803 3362 seditio
832 3286 960 3364 inceffit
977 3315 985 3358 :
1005 3285 1108 3361 nullis
1135 3283 1235 3358 novis

257 3409 376 3495 caulis,
406 3405 465 3484 nisi
482 3405 579 3504 quod
606 3427 757 3482 mutatus
773 3405 935 3502 Princeps
962 3404 1140 3481 licentiam
1166 3425 1235 3476 tur-

258 3525 394 3614 bomm,
412 3531 447 3604 lc
465 3551 509 3600 ex
526 3525 618 3602 civili
647 3527 739 3601 bello
754 3524 851 3622 spem
876 3524 1095 3622 pramiomm
1123 3523 1235 3596 osten-

257 3643 503 3722 debatcastris
515 3643 636 3719 aestivis
653 3663 718 3719 tres
732 3646 830 3721 simul
843 3643 996 3738 legiones
1008 3644 1237 3732 habebantur,

260 3763 455 3858 praefidente
472 3763 578 3858 Junio
593 3761 723 3838 Blaeso:
744 3761 804 3859 qui
820 3764 890 3835 fine
924 3760 1086 3859 Augusti,
1122 3761 1238 3837 &ini-

260 3879 314 3952 tiis
329 3879 460 3964 Tiberii
487 3881 624 3972 auditis,
643 3883 691 3956 ob
712 3879 882 3979 justitium
899 3901 957 3954 aut
975 3881 1156 3979 galadim,
1187 3880 1239 3951 in-

259 3997 442 4082 termilerar
453 3999 549 4080 solita
558 4001 687 4084 munia.
707 4003 762 4078 Eo
782 4000 951 4098 principio
963 3997 1113 4080 lascivire
1124 3999 1239 4090 miles,
