3259 5284
373 571 442 643 232
565 542 607 616 C.
647 545 913 617 Coranum
954 540 1152 619 Tacit:

374 718 565 817 “tuusque
608 720 645 791 in
674 743 731 793 me
762 718 899 791 animus
928 738 1147 803 mereantur:
1187 717 1338 817 datoque

373 846 401 884 “
418 860 588 935 tempore,
623 838 679 910 vel
708 838 744 909 in
772 836 904 927 senatu,
935 838 991 909 vel
1013 836 1049 909 in
1074 836 1245 911 concione
1267 860 1339 911 non

373 965 401 1000 “
417 957 606 1031 reticebo.''

419 1078 521 1151 XLI.
546 1079 715 1150 Runsuu
739 1072 891 1171 Sejanus,
918 1098 989 1147 non
1005 1070 1082 1171 jam
1099 1075 1145 1146 de
1160 1074 1337 1150 matrimo-

369 1194 442 1284 nio,
479 1192 537 1266 sed
569 1192 670 1265 altilis
703 1212 873 1282 metuens,
912 1191 1066 1265 “tacita
1093 1191 1339 1289 suspicionum,

371 1312 516 1411 “vulgi
537 1336 725 1400 rumorem,
751 1311 971 1409 ingruentem
998 1310 1190 1383 invidiam”
1214 1312 1339 1409 depre-

369 1452 480 1506 catur.
530 1436 585 1503 Ac
603 1454 646 1502 ne
662 1431 818 1503 adsiduos
829 1428 866 1500 in
881 1429 1029 1501 domum
1046 1448 1159 1501 coetus
1174 1432 1337 1524 arcendo,

370 1549 572 1647 infringeret
589 1547 794 1646 potentiam,
820 1566 880 1621 aut
892 1547 1114 1643 receptando,
1138 1545 1338 1623 facultatem

370 1666 634 1743 criminantibus
660 1668 852 1761 preberet:
879 1668 948 1739 huc
966 1665 1076 1755 flexit,
1101 1686 1141 1738 ut
1155 1666 1339 1742 Tiberium

369 1788 416 1859 ad
431 1785 539 1857 vitam
558 1785 679 1882 procul
703 1787 833 1873 Roma,
858 1784 1006 1857 amoenis
1023 1784 1108 1859 locis
1124 1786 1336 1883 degendam,

370 1905 575 2001 impelleret.
616 1904 735 1975 Multa
751 1902 882 2001 quippe
894 1903 1114 2000 providebat:
1141 1902 1200 1977 sul
1216 1904 1338 1978 inma-

368 2050 418 2097 nu
437 2024 570 2096 aditus:
599 2022 844 2119 literarumque
871 2025 998 2121 magns
1020 2048 1065 2095 ex
1081 2040 1176 2119 parte
1195 2022 1229 2095 se
1246 2022 1338 2096 arbi·

368 2162 463 2215 trum
490 2140 575 2229 sore,
611 2142 691 2213 clim
721 2165 780 2235 per
811 2140 936 2213 milites
964 2160 1220 2215 commearent:
1252 2167 1340 2215 mox

368 2258 550 2349 Caesarem‚
582 2277 746 2355 vergente
767 2255 1014 2354 jansemus,
1048 2258 1245 2357 secretoque
1270 2262 1339 2335 loci

368 2377 559 2465 mollitum,
586 2376 705 2448 munia
719 2376 857 2474 imperii
873 2376 1006 2450 facilius
1022 2378 1274 2453 tramissurum:
1303 2384 1338 2454 δε

369 2496 479 2569 minui
509 2494 570 2567 stbi
598 2493 780 2585 invidiam,
806 2496 969 2591 adempta
985 2491 1193 2569 salutantum
1215 2502 1337 2587 turba:

367 2611 573 2710 sublatisque
598 2612 770 2702 inanibus,
797 2617 879 2688 vers:
904 2614 1056 2711 potentia
1080 2640 1217 2714 augere.
1266 2618 1338 2715 Igi-

367 2754 425 2807 tur
457 2732 636 2830 paullatim
669 2730 808 2829 negotia
841 2733 962 2823 Urbis,
1003 2734 1125 2831 populi
1162 2734 1337 2827 adcursus,

369 2851 630 2925 multitudinem
647 2850 873 2923 adfluentium
889 2851 1057 2949 increpat,
1083 2855 1253 2927 extollens
1265 2857 1338 2927 lau·

367 2972 471 3045 dibus
496 2976 524 3013 “
541 2970 697 3067 quietem
715 2974 747 3042 δι
765 2968 1011 3044 solitudinem:
1038 2972 1117 3069 quls
1140 2975 1253 3046 abeffe
1275 2994 1338 3047 tae·

370 3098 398 3134 “
414 3090 472 3163 dia
488 3094 522 3164 &
541 3090 755 3178 offenfiones,
781 3113 822 3161 ac
848 3088 1023 3187 praecipua
1046 3115 1161 3163 rerum
1183 3090 1338 3165 maxime

370 3217 398 3254 ‘⁴
418 3208 576 3307 agitari.'’

418 3328 536 3400 XLII.
556 3331 614 3399 Ac
636 3350 760 3399 ronru
779 3326 895 3401 habita
912 3352 972 3423 per
999 3328 1075 3401 illos
1090 3327 1163 3400 dies
1178 3330 1223 3401 de
1239 3329 1338 3402 Voti-

369 3470 435 3518 eno
469 3444 659 3532 Montano,
701 3444 844 3517 celebris
877 3444 1005 3542 ingenii
1038 3446 1124 3536 viro,
1166 3445 1336 3544 cognitio,

370 3564 589 3636 cunstantem
610 3560 685 3659 jam
715 3562 898 3637 Tiberium
924 3565 1084 3662 perpulit,
1110 3585 1151 3638 ut
1177 3564 1337 3637 vitandos

367 3682 520 3757 crederet
545 3700 681 3775 patrum
698 3702 808 3755 coetus
823 3683 1007 3780 vocesque,
1035 3666 1112 3782 quas
1132 3686 1339 3782 plerumque

370 3824 459 3875 verae
478 3804 511 3872 δι
531 3824 652 3896 graves
667 3825 786 3873 coram
802 3800 1070 3899 ingerebantur:
1098 3828 1194 3893 nam,
1220 3802 1338 3901 postu-

369 3922 439 3995 lato
458 3916 620 4011 Votieno,
649 3920 741 3993 “ob
765 3920 1043 3995 contumeliasin
1064 3921 1234 3998 Caesarem
1261 3922 1340 3998 dic·
