<?xml version="1.0" encoding="UTF-8"?>
<!DOCTYPE html PUBLIC "-//W3C//DTD XHTML 1.0 Transitional//EN"
    "http://www.w3.org/TR/xhtml1/DTD/xhtml1-transitional.dtd">
<html xmlns="http://www.w3.org/1999/xhtml" xml:lang="en" lang="en">
 <head>
  <title>
</title>
<meta http-equiv="Content-Type" content="text/html;charset=utf-8" />
  <meta name='ocr-system' content='tesseract 3.04.00' />
  <meta name='ocr-capabilities' content='ocr_page ocr_carea ocr_par ocr_line ocrx_word'/>
</head>
<body>
  <div class='ocr_page' id='page_1' title='image "./ccorneliitaciti04freigoog_0090.png"; bbox 0 0 3259 5284; ppageno 0'>
   <div class='ocr_carea' id='block_1_1' title="bbox 397 624 1152 728">
    <p class='ocr_par' dir='ltr' id='par_1_1' title="bbox 397 624 1152 728">
     <span class='ocr_line' id='line_1_1' title="bbox 397 624 1152 728; baseline -0.001 -26"><span class='ocrx_word' id='word_1_1' title='bbox 397 655 442 728; x_wconf 84' lang='lat'>32</span> <span class='ocrx_word' id='word_1_2' title='bbox 641 624 1152 701; x_wconf 81' lang='lat' dir='ltr'>C.C0nnnn11Tncrrr</span> 
     </span>
    </p>
   </div>
   <div class='ocr_carea' id='block_1_2' title="bbox 318 795 1372 3518">
    <p class='ocr_par' dir='ltr' id='par_1_2' title="bbox 320 795 1367 2327">
     <span class='ocr_line' id='line_1_2' title="bbox 320 795 1360 895; baseline 0 -16"><span class='ocrx_word' id='word_1_3' title='bbox 320 811 327 824; x_wconf 91' lang='lat'>&#39;</span> <span class='ocrx_word' id='word_1_4' title='bbox 392 802 515 880; x_wconf 89' lang='lat' dir='ltr'>scelere</span> <span class='ocrx_word' id='word_1_5' title='bbox 527 799 829 889; x_wconf 86' lang='lat' dir='ltr'>contaminaretur,</span> <span class='ocrx_word' id='word_1_6' title='bbox 856 822 1010 895; x_wconf 83' lang='lat' dir='ltr'>praeceps</span> <span class='ocrx_word' id='word_1_7' title='bbox 1027 795 1190 872; x_wconf 78' lang='lat' dir='ltr'>tribunali</span> <span class='ocrx_word' id='word_1_8' title='bbox 1202 799 1360 879; x_wconf 82' lang='lat' dir='ltr'>defiluit:</span> 
     </span>
     <span class='ocr_line' id='line_1_3' title="bbox 394 917 1365 1020; baseline -0.003 -25"><span class='ocrx_word' id='word_1_9' title='bbox 394 917 630 1020; x_wconf 89' lang='lat' dir='ltr'>opposuemnt</span> <span class='ocrx_word' id='word_1_10' title='bbox 651 917 791 993; x_wconf 87' lang='lat' dir='ltr'>abeunti</span> <span class='ocrx_word' id='word_1_11' title='bbox 814 943 924 1010; x_wconf 82' lang='lat' dir='ltr'>arma,</span> <span class='ocrx_word' id='word_1_12' title='bbox 950 917 1159 1009; x_wconf 80' lang='lat' dir='ltr'>minitantes,</span> <span class='ocrx_word' id='word_1_13' title='bbox 1189 917 1225 992; x_wconf 89' lang='lat' dir='ltr'>ni</span> <span class='ocrx_word' id='word_1_14' title='bbox 1249 945 1365 1017; x_wconf 81' lang='lat' dir='ltr'>regre-</span> 
     </span>
     <span class='ocr_line' id='line_1_4' title="bbox 391 1035 1366 1135; baseline -0.002 -19"><span class='ocrx_word' id='word_1_15' title='bbox 391 1042 542 1116; x_wconf 87' lang='lat' dir='ltr'><strong>deretur.</strong></span> <span class='ocrx_word' id='word_1_16' title='bbox 592 1043 641 1112; x_wconf 91' lang='lat' dir='ltr'>At</span> <span class='ocrx_word' id='word_1_17' title='bbox 657 1038 712 1112; x_wconf 92' lang='lat' dir='ltr'>ille</span> <span class='ocrx_word' id='word_1_18' title='bbox 734 1045 762 1084; x_wconf 86' lang='lat'><strong><em>“</em></strong></span> <span class='ocrx_word' id='word_1_19' title='bbox 776 1038 984 1112; x_wconf 89' lang='lat' dir='ltr'>moriturum</span> <span class='ocrx_word' id='word_1_20' title='bbox 996 1035 1112 1134; x_wconf 78' lang='lat' dir='ltr'>potius</span> <span class='ocrx_word' id='word_1_21' title='bbox 1138 1038 1245 1135; x_wconf 71' lang='lat' dir='ltr'>quam</span> <span class='ocrx_word' id='word_1_22' title='bbox 1256 1041 1366 1114; x_wconf 87' lang='lat' dir='ltr'>fidem</span> 
     </span>
     <span class='ocr_line' id='line_1_5' title="bbox 392 1154 1363 1254; baseline 0.003 -22"><span class='ocrx_word' id='word_1_23' title='bbox 392 1165 422 1202; x_wconf 89' lang='lat'><strong><em>“</em></strong></span> <span class='ocrx_word' id='word_1_24' title='bbox 436 1160 601 1234; x_wconf 83' lang='lat' dir='ltr'>exueret”</span> <span class='ocrx_word' id='word_1_25' title='bbox 629 1157 820 1248; x_wconf 86' lang='lat' dir='ltr'>clamitans,</span> <span class='ocrx_word' id='word_1_26' title='bbox 857 1154 987 1230; x_wconf 89' lang='lat' dir='ltr'>ferrum</span> <span class='ocrx_word' id='word_1_27' title='bbox 1023 1185 1045 1230; x_wconf 86' lang='lat' dir='ltr'>a</span> <span class='ocrx_word' id='word_1_28' title='bbox 1078 1159 1183 1232; x_wconf 84' lang='lat' dir='ltr'>latere</span> <span class='ocrx_word' id='word_1_29' title='bbox 1207 1157 1363 1254; x_wconf 84' lang='lat' dir='ltr'>diripuit,</span> 
     </span>
     <span class='ocr_line' id='line_1_6' title="bbox 391 1277 1365 1376; baseline 0.003 -24"><span class='ocrx_word' id='word_1_30' title='bbox 391 1279 591 1376; x_wconf 86' lang='lat' dir='ltr'>elatumque</span> <span class='ocrx_word' id='word_1_31' title='bbox 613 1277 789 1352; x_wconf 87' lang='lat' dir='ltr'>deserebat</span> <span class='ocrx_word' id='word_1_32' title='bbox 813 1277 850 1350; x_wconf 91' lang='lat' dir='ltr'>in</span> <span class='ocrx_word' id='word_1_33' title='bbox 874 1279 1005 1373; x_wconf 65' lang='lat' dir='ltr'>pestus,</span> <span class='ocrx_word' id='word_1_34' title='bbox 1027 1277 1064 1350; x_wconf 87' lang='lat' dir='ltr'>ni</span> <span class='ocrx_word' id='word_1_35' title='bbox 1089 1277 1241 1374; x_wconf 82' lang='lat' dir='ltr'>proximi</span> <span class='ocrx_word' id='word_1_36' title='bbox 1262 1303 1365 1375; x_wconf 84' lang='lat' dir='ltr'>pren·</span> 
     </span>
     <span class='ocr_line' id='line_1_7' title="bbox 391 1396 1364 1474; baseline 0 -1"><span class='ocrx_word' id='word_1_37' title='bbox 391 1396 463 1474; x_wconf 90' lang='lat' dir='ltr'>sam</span> <span class='ocrx_word' id='word_1_38' title='bbox 486 1399 645 1470; x_wconf 86' lang='lat' dir='ltr'>dextram</span> <span class='ocrx_word' id='word_1_39' title='bbox 675 1396 710 1471; x_wconf 89' lang='lat' dir='ltr'>vi</span> <span class='ocrx_word' id='word_1_40' title='bbox 737 1397 954 1472; x_wconf 79' lang='lat' dir='ltr'>attinuissent.</span> <span class='ocrx_word' id='word_1_41' title='bbox 1016 1399 1184 1472; x_wconf 85' lang='lat' dir='ltr'>Extrema</span> <span class='ocrx_word' id='word_1_42' title='bbox 1217 1403 1250 1472; x_wconf 73' lang='lat' dir='ltr'>a:</span> <span class='ocrx_word' id='word_1_43' title='bbox 1278 1425 1364 1472; x_wconf 89' lang='lat' dir='ltr'>con-</span> 
     </span>
     <span class='ocr_line' id='line_1_8' title="bbox 395 1514 1366 1617; baseline 0.002 -27"><span class='ocrx_word' id='word_1_44' title='bbox 395 1519 536 1617; x_wconf 85' lang='lat' dir='ltr'>globata</span> <span class='ocrx_word' id='word_1_45' title='bbox 559 1515 647 1590; x_wconf 89' lang='lat' dir='ltr'>inter</span> <span class='ocrx_word' id='word_1_46' title='bbox 667 1514 701 1588; x_wconf 87' lang='lat' dir='ltr'>se</span> <span class='ocrx_word' id='word_1_47' title='bbox 724 1542 801 1613; x_wconf 84' lang='lat' dir='ltr'>pars</span> <span class='ocrx_word' id='word_1_48' title='bbox 822 1515 1012 1608; x_wconf 86' lang='lat' dir='ltr'>concionis,</span> <span class='ocrx_word' id='word_1_49' title='bbox 1051 1543 1091 1590; x_wconf 85' lang='lat' dir='ltr'>ac</span> <span class='ocrx_word' id='word_1_50' title='bbox 1115 1515 1175 1590; x_wconf 86' lang='lat' dir='ltr'>vix</span> <span class='ocrx_word' id='word_1_51' title='bbox 1202 1518 1366 1613; x_wconf 81' lang='lat' dir='ltr'>credibile</span> 
     </span>
     <span class='ocr_line' id='line_1_9' title="bbox 391 1634 1367 1733; baseline -0.002 -23"><span class='ocrx_word' id='word_1_52' title='bbox 391 1637 501 1726; x_wconf 67' lang='lat' dir='ltr'>dictu,</span> <span class='ocrx_word' id='word_1_53' title='bbox 510 1635 652 1733; x_wconf 88' lang='lat' dir='ltr'>quidam</span> <span class='ocrx_word' id='word_1_54' title='bbox 665 1635 786 1732; x_wconf 80' lang='lat' dir='ltr'>singuli</span> <span class='ocrx_word' id='word_1_55' title='bbox 799 1634 940 1732; x_wconf 77' lang='lat' dir='ltr'>propius</span> <span class='ocrx_word' id='word_1_56' title='bbox 948 1636 1158 1726; x_wconf 87' lang='lat' dir='ltr'>incedentes,</span> <span class='ocrx_word' id='word_1_57' title='bbox 1176 1634 1367 1727; x_wconf 80' lang='lat' dir='ltr'>“seriret,&#39;⁸</span> 
     </span>
     <span class='ocr_line' id='line_1_10' title="bbox 393 1754 1365 1846; baseline 0.001 -18"><span class='ocrx_word' id='word_1_58' title='bbox 393 1758 643 1829; x_wconf 84' lang='lat' dir='ltr'>hortabantur:</span> <span class='ocrx_word' id='word_1_59' title='bbox 670 1758 704 1827; x_wconf 76' lang='grc' dir='ltr'>δι</span> <span class='ocrx_word' id='word_1_60' title='bbox 733 1754 844 1846; x_wconf 86' lang='lat' dir='ltr'>miles,</span> <span class='ocrx_word' id='word_1_61' title='bbox 869 1755 1011 1828; x_wconf 90' lang='lat' dir='ltr'>nomine</span> <span class='ocrx_word' id='word_1_62' title='bbox 1033 1755 1237 1843; x_wconf 72' lang='lat' dir='ltr'>Calusidius,</span> <span class='ocrx_word' id='word_1_63' title='bbox 1270 1755 1365 1829; x_wconf 91' lang='lat' dir='ltr'>stric-</span> 
     </span>
     <span class='ocr_line' id='line_1_11' title="bbox 393 1872 1366 1970; baseline 0 -22"><span class='ocrx_word' id='word_1_64' title='bbox 393 1897 471 1948; x_wconf 88' lang='lat' dir='ltr'>tum</span> <span class='ocrx_word' id='word_1_65' title='bbox 498 1873 624 1946; x_wconf 91' lang='lat' dir='ltr'>obtulit</span> <span class='ocrx_word' id='word_1_66' title='bbox 653 1873 824 1970; x_wconf 84' lang='lat' dir='ltr'>gladium,</span> <span class='ocrx_word' id='word_1_67' title='bbox 849 1873 984 1964; x_wconf 84' lang='lat' dir='ltr'>addito,</span> <span class='ocrx_word' id='word_1_68' title='bbox 1015 1872 1248 1948; x_wconf 87' lang='lat' dir='ltr'>“acutiorem</span> <span class='ocrx_word' id='word_1_69' title='bbox 1264 1876 1366 1948; x_wconf 84' lang='lat' dir='ltr'>esse.&#39;’</span> 
     </span>
     <span class='ocr_line' id='line_1_12' title="bbox 392 1989 1364 2090; baseline 0.004 -22"><span class='ocrx_word' id='word_1_70' title='bbox 392 1996 535 2068; x_wconf 85' lang='lat' dir='ltr'>Saevum</span> <span class='ocrx_word' id='word_1_71' title='bbox 547 1993 596 2083; x_wconf 90' lang='lat' dir='ltr'>id,</span> <span class='ocrx_word' id='word_1_72' title='bbox 612 1991 762 2090; x_wconf 89' lang='lat' dir='ltr'>malique</span> <span class='ocrx_word' id='word_1_73' title='bbox 774 1992 893 2081; x_wconf 87' lang='lat' dir='ltr'>moris,</span> <span class='ocrx_word' id='word_1_74' title='bbox 910 1991 1014 2064; x_wconf 85' lang='lat' dir='ltr'>etiam</span> <span class='ocrx_word' id='word_1_75' title='bbox 1024 1989 1216 2069; x_wconf 88' lang='lat' dir='ltr'>furentibus</span> <span class='ocrx_word' id='word_1_76' title='bbox 1228 1992 1339 2071; x_wconf 89' lang='lat' dir='ltr'>visum</span> <span class='ocrx_word' id='word_1_77' title='bbox 1353 2024 1364 2082; x_wconf 66' lang='grc' dir='ltr'><strong><em>ς</em></strong></span> 
     </span>
     <span class='ocr_line' id='line_1_13' title="bbox 390 2110 1364 2210; baseline -0.003 -22"><span class='ocrx_word' id='word_1_78' title='bbox 390 2139 432 2188; x_wconf 88' lang='lat' dir='ltr'>ac</span> <span class='ocrx_word' id='word_1_79' title='bbox 453 2111 600 2210; x_wconf 85' lang='lat' dir='ltr'>spatium</span> <span class='ocrx_word' id='word_1_80' title='bbox 622 2110 702 2202; x_wconf 88' lang='lat' dir='ltr'>fuit,</span> <span class='ocrx_word' id='word_1_81' title='bbox 725 2137 797 2210; x_wconf 88' lang='lat' dir='ltr'>quo</span> <span class='ocrx_word' id='word_1_82' title='bbox 810 2110 924 2186; x_wconf 81' lang='lat' dir='ltr'>Caesar</span> <span class='ocrx_word' id='word_1_83' title='bbox 939 2113 985 2185; x_wconf 88' lang='lat' dir='ltr'>ab</span> <span class='ocrx_word' id='word_1_84' title='bbox 1006 2110 1125 2184; x_wconf 84' lang='lat' dir='ltr'>amicis</span> <span class='ocrx_word' id='word_1_85' title='bbox 1145 2111 1182 2186; x_wconf 90' lang='lat' dir='ltr'>in</span> <span class='ocrx_word' id='word_1_86' title='bbox 1206 2115 1364 2189; x_wconf 85' lang='lat' dir='ltr'>taberna-</span> 
     </span>
     <span class='ocr_line' id='line_1_14' title="bbox 390 2233 728 2327; baseline -0.018 -20"><span class='ocrx_word' id='word_1_87' title='bbox 390 2233 513 2307; x_wconf 87' lang='lat' dir='ltr'>culum</span> <span class='ocrx_word' id='word_1_88' title='bbox 542 2249 728 2327; x_wconf 83' lang='lat' dir='ltr'>raperetur.</span> 
     </span>
    </p>

    <p class='ocr_par' dir='ltr' id='par_1_3' title="bbox 318 2349 1372 3518">
     <span class='ocr_line' id='line_1_15' title="bbox 442 2349 1363 2428; baseline 0.004 -4"><span class='ocrx_word' id='word_1_89' title='bbox 442 2349 615 2424; x_wconf 87' lang='lat' dir='ltr'>XXXVI.</span> <span class='ocrx_word' id='word_1_90' title='bbox 640 2350 943 2424; x_wconf 77' lang='lat' dir='ltr'>Consutrnrunr</span> <span class='ocrx_word' id='word_1_91' title='bbox 962 2349 1010 2422; x_wconf 92' lang='lat' dir='ltr'>ibi</span> <span class='ocrx_word' id='word_1_92' title='bbox 1027 2351 1072 2424; x_wconf 87' lang='lat' dir='ltr'>de</span> <span class='ocrx_word' id='word_1_93' title='bbox 1089 2350 1268 2426; x_wconf 89' lang='lat' dir='ltr'>remedio:</span> <span class='ocrx_word' id='word_1_94' title='bbox 1294 2373 1363 2428; x_wconf 83' lang='lat' dir='ltr'>ete·</span> 
     </span>
     <span class='ocr_line' id='line_1_16' title="bbox 394 2467 1363 2567; baseline 0.002 -23"><span class='ocrx_word' id='word_1_95' title='bbox 394 2471 468 2544; x_wconf 91' lang='lat' dir='ltr'>nim</span> <span class='ocrx_word' id='word_1_96' title='bbox 485 2467 703 2542; x_wconf 80' lang='lat' dir='ltr'>nuntiabatur</span> <span class='ocrx_word' id='word_1_97' title='bbox 726 2475 753 2510; x_wconf 78' lang='lat'>‘⁶</span> <span class='ocrx_word' id='word_1_98' title='bbox 771 2468 881 2565; x_wconf 87' lang='lat' dir='ltr'>parari</span> <span class='ocrx_word' id='word_1_99' title='bbox 896 2469 1040 2565; x_wconf 85' lang='lat' dir='ltr'>legatos,</span> <span class='ocrx_word' id='word_1_100' title='bbox 1069 2468 1130 2566; x_wconf 91' lang='lat' dir='ltr'>qui</span> <span class='ocrx_word' id='word_1_101' title='bbox 1153 2468 1363 2567; x_wconf 86' lang='lat' dir='ltr'>superiorem</span> 
     </span>
     <span class='ocr_line' id='line_1_17' title="bbox 392 2585 1364 2668; baseline 0.001 -5"><span class='ocrx_word' id='word_1_102' title='bbox 392 2598 421 2633; x_wconf 79' lang='lat'>‘⁶</span> <span class='ocrx_word' id='word_1_103' title='bbox 432 2589 625 2663; x_wconf 82' lang='lat' dir='ltr'>exercitum</span> <span class='ocrx_word' id='word_1_104' title='bbox 648 2587 692 2660; x_wconf 91' lang='lat' dir='ltr'>ad</span> <span class='ocrx_word' id='word_1_105' title='bbox 716 2585 850 2660; x_wconf 88' lang='lat' dir='ltr'>causam</span> <span class='ocrx_word' id='word_1_106' title='bbox 865 2589 1026 2661; x_wconf 84' lang='lat' dir='ltr'>eamdem</span> <span class='ocrx_word' id='word_1_107' title='bbox 1038 2589 1236 2664; x_wconf 83' lang='lat' dir='ltr'>traherent:</span> <span class='ocrx_word' id='word_1_108' title='bbox 1260 2591 1364 2668; x_wconf 86' lang='lat' dir='ltr'>desti-</span> 
     </span>
     <span class='ocr_line' id='line_1_18' title="bbox 392 2704 1367 2806; baseline -0.001 -24"><span class='ocrx_word' id='word_1_109' title='bbox 392 2716 420 2752; x_wconf 89' lang='lat'><strong>“</strong></span> <span class='ocrx_word' id='word_1_110' title='bbox 437 2729 558 2782; x_wconf 90' lang='lat' dir='ltr'>natum</span> <span class='ocrx_word' id='word_1_111' title='bbox 571 2704 707 2782; x_wconf 84' lang='lat' dir='ltr'>excidio</span> <span class='ocrx_word' id='word_1_112' title='bbox 730 2706 908 2780; x_wconf 86' lang='lat' dir='ltr'>Ubiorum</span> <span class='ocrx_word' id='word_1_113' title='bbox 922 2707 1120 2803; x_wconf 89' lang='lat' dir='ltr'>oppidum:</span> <span class='ocrx_word' id='word_1_114' title='bbox 1148 2707 1367 2806; x_wconf 87' lang='lat' dir='ltr'>imbutasque</span> 
     </span>
     <span class='ocr_line' id='line_1_19' title="bbox 394 2825 1368 2926; baseline 0 -24"><span class='ocrx_word' id='word_1_115' title='bbox 394 2835 423 2871; x_wconf 86' lang='lat'><strong>“</strong></span> <span class='ocrx_word' id='word_1_116' title='bbox 441 2828 559 2926; x_wconf 68' lang='lat' dir='ltr'>prada</span> <span class='ocrx_word' id='word_1_117' title='bbox 582 2852 717 2916; x_wconf 90' lang='lat' dir='ltr'>manus,</span> <span class='ocrx_word' id='word_1_118' title='bbox 747 2825 783 2898; x_wconf 91' lang='lat' dir='ltr'>in</span> <span class='ocrx_word' id='word_1_119' title='bbox 804 2825 1036 2922; x_wconf 86' lang='lat' dir='ltr'>direptionem</span> <span class='ocrx_word' id='word_1_120' title='bbox 1057 2826 1249 2902; x_wconf 80' lang='lat' dir='ltr'>Galliamm</span> <span class='ocrx_word' id='word_1_121' title='bbox 1265 2853 1368 2923; x_wconf 85' lang='lat' dir='ltr'>erup·</span> 
     </span>
     <span class='ocr_line' id='line_1_20' title="bbox 318 2943 1368 3043; baseline -0.001 -25"><span class='ocrx_word' id='word_1_122' title='bbox 318 2954 321 2958; x_wconf 84' lang='grc'><strong>’</strong></span> <span class='ocrx_word' id='word_1_123' title='bbox 395 2955 423 2990; x_wconf 86' lang='grc'><strong>“</strong></span> <span class='ocrx_word' id='word_1_124' title='bbox 442 2946 570 3019; x_wconf 89' lang='lat' dir='ltr'>turas.&#39;&#39;</span> <span class='ocrx_word' id='word_1_125' title='bbox 620 2947 785 3042; x_wconf 85' lang='lat' dir='ltr'>Augebat</span> <span class='ocrx_word' id='word_1_126' title='bbox 811 2967 946 3018; x_wconf 89' lang='lat' dir='ltr'>metum</span> <span class='ocrx_word' id='word_1_127' title='bbox 969 2971 1096 3043; x_wconf 81' lang='lat' dir='ltr'>gnarus</span> <span class='ocrx_word' id='word_1_128' title='bbox 1122 2949 1295 3020; x_wconf 72' lang='lat' dir='ltr'>Romanae</span> <span class='ocrx_word' id='word_1_129' title='bbox 1319 2943 1368 3018; x_wconf 90' lang='lat' dir='ltr'>se-</span> 
     </span>
     <span class='ocr_line' id='line_1_21' title="bbox 391 3063 1368 3161; baseline 0.001 -20"><span class='ocrx_word' id='word_1_130' title='bbox 391 3064 545 3154; x_wconf 88' lang='lat' dir='ltr'>ditionis,</span> <span class='ocrx_word' id='word_1_131' title='bbox 568 3068 617 3154; x_wconf 71' lang='lat' dir='ltr'>a,</span> <span class='ocrx_word' id='word_1_132' title='bbox 644 3068 666 3136; x_wconf 83' lang='lat' dir='ltr'>sr</span> <span class='ocrx_word' id='word_1_133' title='bbox 690 3063 907 3138; x_wconf 89' lang='lat' dir='ltr'>omitteretur</span> <span class='ocrx_word' id='word_1_134' title='bbox 933 3063 1021 3161; x_wconf 86' lang='lat' dir='ltr'>ripa,</span> <span class='ocrx_word' id='word_1_135' title='bbox 1048 3063 1224 3140; x_wconf 83' lang='lat' dir='ltr'>invasurus</span> <span class='ocrx_word' id='word_1_136' title='bbox 1251 3064 1368 3142; x_wconf 84' lang='lat' dir='ltr'>hostis·</span> 
     </span>
     <span class='ocr_line' id='line_1_22' title="bbox 393 3181 1368 3281; baseline -0.008 -17"><span class='ocrx_word' id='word_1_137' title='bbox 393 3191 446 3264; x_wconf 81' lang='lat' dir='ltr'>At</span> <span class='ocrx_word' id='word_1_138' title='bbox 468 3189 490 3259; x_wconf 88' lang='lat' dir='ltr'>sr</span> <span class='ocrx_word' id='word_1_139' title='bbox 517 3182 689 3258; x_wconf 86' lang='lat' dir='ltr'>auxilia&amp;</span> <span class='ocrx_word' id='word_1_140' title='bbox 705 3181 785 3256; x_wconf 89' lang='lat' dir='ltr'>socii</span> <span class='ocrx_word' id='word_1_141' title='bbox 807 3183 994 3256; x_wconf 74' lang='lat' dir='ltr'>adversum</span> <span class='ocrx_word' id='word_1_142' title='bbox 1014 3183 1234 3259; x_wconf 81' lang='lat' dir='ltr'>abscedentes</span> <span class='ocrx_word' id='word_1_143' title='bbox 1257 3183 1368 3281; x_wconf 82' lang='lat' dir='ltr'>legio·</span> 
     </span>
     <span class='ocr_line' id='line_1_23' title="bbox 395 3300 1372 3398; baseline -0.006 -18"><span class='ocrx_word' id='word_1_144' title='bbox 395 3331 479 3380; x_wconf 91' lang='lat' dir='ltr'>ones</span> <span class='ocrx_word' id='word_1_145' title='bbox 492 3320 719 3390; x_wconf 87' lang='lat' dir='ltr'>armarentur,</span> <span class='ocrx_word' id='word_1_146' title='bbox 737 3301 838 3374; x_wconf 90' lang='lat' dir='ltr'>civile</span> <span class='ocrx_word' id='word_1_147' title='bbox 851 3303 982 3378; x_wconf 87' lang='lat' dir='ltr'>bellum</span> <span class='ocrx_word' id='word_1_148' title='bbox 998 3301 1130 3398; x_wconf 82' lang='lat' dir='ltr'>suscipi.</span> <span class='ocrx_word' id='word_1_149' title='bbox 1177 3300 1372 3379; x_wconf 83' lang='lat' dir='ltr'>Periculosa</span> 
     </span>
     <span class='ocr_line' id='line_1_24' title="bbox 394 3419 1372 3518; baseline -0.009 -17"><span class='ocrx_word' id='word_1_150' title='bbox 394 3423 565 3511; x_wconf 88' lang='lat' dir='ltr'>severitas,</span> <span class='ocrx_word' id='word_1_151' title='bbox 594 3419 758 3518; x_wconf 80' lang='lat' dir='ltr'>flagitiosa</span> <span class='ocrx_word' id='word_1_152' title='bbox 780 3419 943 3518; x_wconf 83' lang='lat' dir='ltr'>largitio:</span> <span class='ocrx_word' id='word_1_153' title='bbox 977 3421 1035 3494; x_wconf 88' lang='lat' dir='ltr'>seu</span> <span class='ocrx_word' id='word_1_154' title='bbox 1067 3419 1154 3494; x_wconf 91' lang='lat' dir='ltr'>nihil</span> <span class='ocrx_word' id='word_1_155' title='bbox 1178 3419 1290 3510; x_wconf 84' lang='lat' dir='ltr'>militi,</span> <span class='ocrx_word' id='word_1_156' title='bbox 1313 3419 1372 3493; x_wconf 90' lang='lat' dir='ltr'>seu</span> 
     </span>
    </p>
   </div>
   <div class='ocr_carea' id='block_1_3' title="bbox 270 3538 1448 3636">
    <p class='ocr_par' dir='ltr' id='par_1_4' title="bbox 270 3538 1448 3636">
     <span class='ocr_line' id='line_1_25' title="bbox 270 3538 1448 3636; baseline -0.005 -19"><span class='ocrx_word' id='word_1_157' title='bbox 270 3626 273 3631; x_wconf 49' lang='grc'>,</span> <span class='ocrx_word' id='word_1_158' title='bbox 392 3541 512 3622; x_wconf 87' lang='lat' dir='ltr'>omnia</span> <span class='ocrx_word' id='word_1_159' title='bbox 524 3541 807 3629; x_wconf 87' lang='lat' dir='ltr'>concederentur,</span> <span class='ocrx_word' id='word_1_160' title='bbox 825 3539 1013 3636; x_wconf 86' lang='lat' dir='ltr'>inancipiti</span> <span class='ocrx_word' id='word_1_161' title='bbox 1026 3538 1228 3636; x_wconf 82' lang='lat' dir='ltr'>respublica.</span> <span class='ocrx_word' id='word_1_162' title='bbox 1244 3538 1371 3636; x_wconf 79' lang='lat' dir='ltr'>igitur,</span> <span class='ocrx_word' id='word_1_163' title='bbox 1444 3619 1448 3628; x_wconf 50' lang='grc'><strong>,</strong></span> 
     </span>
    </p>
   </div>
   <div class='ocr_carea' id='block_1_4' title="bbox 396 3657 1377 4109">
    <p class='ocr_par' dir='ltr' id='par_1_5' title="bbox 396 3657 1377 4109">
     <span class='ocr_line' id='line_1_26' title="bbox 396 3657 1372 3755; baseline -0.008 -19"><span class='ocrx_word' id='word_1_164' title='bbox 396 3659 558 3736; x_wconf 89' lang='lat' dir='ltr'>volutatis</span> <span class='ocrx_word' id='word_1_165' title='bbox 573 3660 661 3733; x_wconf 87' lang='lat' dir='ltr'>inter</span> <span class='ocrx_word' id='word_1_166' title='bbox 678 3657 712 3731; x_wconf 91' lang='lat' dir='ltr'>se</span> <span class='ocrx_word' id='word_1_167' title='bbox 728 3658 930 3750; x_wconf 88' lang='lat' dir='ltr'>rationibus,</span> <span class='ocrx_word' id='word_1_168' title='bbox 956 3659 1135 3755; x_wconf 87' lang='lat' dir='ltr'>placitum,</span> <span class='ocrx_word' id='word_1_169' title='bbox 1160 3679 1200 3732; x_wconf 95' lang='lat' dir='ltr'>ut</span> <span class='ocrx_word' id='word_1_170' title='bbox 1219 3657 1372 3754; x_wconf 66' lang='lat' dir='ltr'>epistole</span> 
     </span>
     <span class='ocr_line' id='line_1_27' title="bbox 396 3775 1376 3874; baseline -0.011 -15"><span class='ocrx_word' id='word_1_171' title='bbox 396 3781 539 3860; x_wconf 86' lang='lat' dir='ltr'>nornine</span> <span class='ocrx_word' id='word_1_172' title='bbox 555 3776 723 3874; x_wconf 89' lang='lat' dir='ltr'>Principis</span> <span class='ocrx_word' id='word_1_173' title='bbox 746 3777 993 3853; x_wconf 86' lang='lat' dir='ltr'>scriberentur:</span> <span class='ocrx_word' id='word_1_174' title='bbox 1035 3777 1267 3855; x_wconf 80' lang='lat' dir='ltr'>“missionem</span> <span class='ocrx_word' id='word_1_175' title='bbox 1298 3775 1376 3850; x_wconf 78' lang='lat' dir='ltr'>dari</span> 
     </span>
     <span class='ocr_line' id='line_1_28' title="bbox 398 3895 1374 3996; baseline -0.001 -24"><span class='ocrx_word' id='word_1_176' title='bbox 398 3909 426 3945; x_wconf 90' lang='lat'><strong><em>“</em></strong></span> <span class='ocrx_word' id='word_1_177' title='bbox 445 3899 565 3972; x_wconf 83' lang='lat' dir='ltr'>vicena</span> <span class='ocrx_word' id='word_1_178' title='bbox 579 3895 747 3995; x_wconf 87' lang='lat' dir='ltr'>stipendia</span> <span class='ocrx_word' id='word_1_179' title='bbox 763 3897 906 3988; x_wconf 89' lang='lat' dir='ltr'>meritis,</span> <span class='ocrx_word' id='word_1_180' title='bbox 932 3897 1144 3972; x_wconf 69' lang='lat' dir='ltr'>exauctorari</span> <span class='ocrx_word' id='word_1_181' title='bbox 1160 3895 1222 3995; x_wconf 91' lang='lat' dir='ltr'>qui</span> <span class='ocrx_word' id='word_1_182' title='bbox 1235 3895 1374 3996; x_wconf 82' lang='lat' dir='ltr'>senade-</span> 
     </span>
     <span class='ocr_line' id='line_1_29' title="bbox 400 4015 1377 4109; baseline 0 -15"><span class='ocrx_word' id='word_1_183' title='bbox 400 4027 490 4094; x_wconf 91' lang='lat' dir='ltr'>“na</span> <span class='ocrx_word' id='word_1_184' title='bbox 514 4015 742 4109; x_wconf 62' lang='lat' dir='ltr'>lectiserica:</span> <span class='ocrx_word' id='word_1_185' title='bbox 769 4015 905 4094; x_wconf 85' lang='lat' dir='ltr'>retineri</span> <span class='ocrx_word' id='word_1_186' title='bbox 933 4015 996 4092; x_wconf 93' lang='lat' dir='ltr'>sub</span> <span class='ocrx_word' id='word_1_187' title='bbox 1010 4015 1155 4107; x_wconf 83' lang='lat' dir='ltr'>vexillo,</span> <span class='ocrx_word' id='word_1_188' title='bbox 1180 4034 1377 4094; x_wconf 77' lang='lat' dir='ltr'>ceterorum</span> 
     </span>
    </p>
   </div>
   <div class='ocr_carea' id='block_1_5' title="bbox 0 0 1638 5284">
    <p class='ocr_par' dir='ltr' id='par_1_6' title="bbox 0 0 1638 5284">
     <span class='ocr_line' id='line_1_30' title="bbox 0 0 1638 5284; baseline 0 0"><span class='ocrx_word' id='word_1_189' title='bbox 0 0 1638 5284; x_wconf 95' lang='lat' dir='ltr'> </span> 
     </span>
    </p>
   </div>
  </div>
 </body>
</html>
