3259 5284
445 562 747 633 Aunnuttnt
779 559 891 630 Lts.
928 555 989 631 ΙΙΙ.
1176 562 1240 655 189

323 732 460 809 thx.
476 739 696 807 Anvrrsun
713 760 791 831 quae
802 732 954 805 disseruit
968 732 1096 806 Caesar:
1117 741 1145 776 “
1159 738 1244 807 Non

276 860 305 896 “
323 853 467 951 quidem
485 855 545 927 fibi
560 854 691 952 ignara,
725 880 804 951 quae
833 854 878 924 de
907 854 1022 926 Silano
1049 854 1243 951 vulgaban-

278 981 306 1016 “
323 996 393 1064 tur,
416 973 473 1047 sed
500 1000 571 1046 non
599 1000 645 1045 ex
672 999 811 1047 rumore
839 973 1085 1046 statuendum:
1117 974 1245 1045 multos

276 1100 307 1135 “
325 1094 360 1165 in
378 1093 563 1189 provinciis
580 1094 712 1181 contra,
742 1093 850 1189 quam
874 1090 947 1187 spes
979 1112 1038 1165 aut
1060 1114 1172 1165 metus
1200 1094 1245 1165 de

277 1221 306 1255 “
324 1213 389 1285 illis
402 1212 515 1301 fuerit,
530 1212 656 1311 egisse:
681 1210 823 1285 excitari
841 1208 1007 1309 quosdam
1026 1214 1069 1283 ad
1088 1211 1244 1303 meliora,

276 1331 562 1429 “magnitudine
599 1358 736 1415 rerum3
773 1328 953 1402 hebescere
981 1329 1090 1403 alios:
1133 1324 1246 1429 neque

276 1453 416 1549 “posse
442 1452 641 1549 Principem
669 1450 726 1524 sul.
742 1448 880 1522 scientis
896 1450 1021 1522 cunsta
1044 1452 1243 1546 complesti,

275 1577 437 1668 “neque
464 1570 643 1668 expedire,
667 1591 708 1642 ut
734 1569 925 1642 ambitione
949 1569 1056 1642 alienas
1084 1571 1244 1641 trahatur.

276 1696 305 1731 “
323 1691 408 1761 Ideo
424 1691 517 1787 leges
533 1690 568 1761 in
585 1688 674 1762 fassa
691 1688 868 1777 constitui,
895 1688 976 1785 quia
1004 1688 1117 1762 futura
1132 1690 1167 1762 in
1191 1689 1244 1761 in-

276 1816 306 1851 “
323 1828 417 1881 certo
451 1812 536 1881 sint:
576 1812 619 1881 stc
646 1835 668 1880 a
695 1806 879 1904 majoribus
906 1807 1115 1899 institutum,
1148 1830 1188 1881 ut
1222 1812 1244 1882 sr

278 1936 307 1971 “
324 1928 501 1999 anteissent
516 1926 656 2017 delicta,
680 1953 793 2025 poenae
811 1925 1042 2023 sequerentur.
1083 1930 1142 2000 Ne
1166 1954 1243 2001 ver-

276 2054 305 2089 “
321 2066 431 2119 terent
447 2045 611 2142 sapienter
626 2066 775 2141 reperta,
801 2050 835 2117 &
863 2045 994 2141 semper
1011 2047 1160 2143 placita:
1193 2047 1244 2121 sa-

276 2164 363 2237 “tis
384 2191 529 2237 onerum
551 2166 785 2261 Principibus,
810 2164 886 2237 satis
920 2164 1022 2237 etiam
1052 2166 1239 2261 potentia:

275 2291 305 2327 “
323 2282 433 2355 minui
442 2282 534 2381 jura,
549 2285 706 2380 quotiens
722 2281 841 2381 gliscat
860 2284 1030 2380 potestas:
1058 2310 1121 2358 nec
1146 2306 1245 2359 uten-

276 2408 304 2445 “
322 2404 409 2475 dum
426 2403 586 2499 imperi0‚
609 2403 670 2476 ubi
689 2402 825 2501 legibus
849 2401 906 2500 agi
929 2404 1064 2499 posstt.''
1102 2405 1245 2503 Qantb

273 2522 378 2594 ratior
395 2523 487 2618 apud
503 2522 686 2595 Tiberium
703 2521 928 2618 popularitas,
942 2522 1039 2595 tants>
1058 2525 1245 2599 latioribus

272 2641 396 2713 animis
424 2662 576 2738 accepta.
638 2646 757 2738 Atque
772 2641 830 2713 ille
847 2642 998 2737 prudens
1027 2644 1244 2735 moderandi,

275 2760 455 2857 stptoptis
483 2761 531 2833 its.
558 2787 629 2832 non
655 2760 902 2857 impelleretur,
933 2760 1080 2851 addidit,
1110 2770 1135 2804 “
1153 2762 1244 2836 insu·

275 2884 304 2921 “
322 2878 392 2950 lam
418 2882 575 2975 Gyarum
593 2879 766 2951 immitem
794 2884 828 2951 ὅτ
854 2883 922 2951 stne
938 2882 1034 2953 cultu
1059 2880 1244 2957 hominum

273 3004 306 3040 “
323 3000 414 3069 esse:
442 2998 562 3070 darem
589 3000 703 3091 Juniae
722 2997 876 3089 familia,
908 3003 940 3071 δι
965 2998 1041 3071 viro
1064 3002 1245 3096 quondam

277 3123 304 3159 “
322 3116 453 3189 ordinis
470 3114 635 3213 ejusdem,
659 3137 698 3189 ut
724 3118 914 3212 Cytheram
943 3116 1057 3213 potibs
1074 3122 1244 3194 concede-

273 3242 304 3279 “
321 3255 396 3313 ret:
440 3234 479 3307 id
517 3233 665 3308 sororem
709 3262 853 3333 quoque
880 3237 984 3309 Silani
1013 3238 1243 3334 Torquatam,

275 3362 305 3396 “
322 3352 440 3451 priscae
473 3351 707 3427 sanctimoniae
740 3356 914 3453 virginem
948 3358 1146 3454 expetere.''
1204 3362 1246 3433 ln

273 3477 362 3546 hanc
387 3471 589 3546 sententiam
614 3472 704 3547 fasta
728 3472 889 3549 discessio.

320 3594 440 3666 LXX.
464 3594 562 3665 Post
590 3594 701 3667 auditi
728 3593 954 3690 Cyrenenses,
990 3599 1037 3685 ὅτ,
1067 3597 1244 3673 accusante

273 3712 454 3787 Anchario
486 3712 613 3802 Prisc0,
643 3715 770 3787 Caesrus
797 3715 933 3787 Cordus
975 3717 1246 3811 repetundarum

271 3835 466 3905 damnatur.
515 3834 561 3905 L.
581 3834 751 3922 Ennium,
770 3833 923 3929 equitem
938 3838 1155 3925 Romanum,
1169 3862 1244 3911 ma·

261 3950 392 4049 jestatis
427 3950 652 4050 postulatum,
693 3958 721 3997 “
735 3950 830 4049 quod
886 3952 1037 4053 effigiem
1072 3954 1242 4053 Principis
