3259 5284
408 558 480 635 234
624 534 1189 615 C.Connnr.11'l“ncrrr

407 716 437 753 “
455 707 573 783 monia
589 730 768 802 vocentur,
795 714 908 809 plures
924 711 986 785 fibi
1002 733 1044 785 ac
1070 708 1310 807 locupletiores
1325 708 1378 783 el'·

408 835 437 873 “
456 827 512 903 se:
539 854 652 927 neque
667 828 872 927 Philippum
887 830 1054 927 potentia,
1075 828 1133 903 sed
1149 854 1195 903 ex
1210 854 1297 903 vero
1310 830 1378 905 sta·

408 954 438 993 “
455 948 576 1023 tuisse:
602 948 699 1023 idem
721 948 810 1047 regis
833 948 1020 1047 Antigoni,
1045 948 1141 1023 idem
1161 947 1377 1045 imperatoria

409 1074 438 1112 “
455 1066 626 1143 Mummii
639 1065 832 1163 judicium:
859 1070 904 1141 src
920 1068 1089 1158 Milefios,
1107 1067 1267 1165 permisso
1284 1070 1375 1164 pub-

410 1193 438 1230 “
456 1185 520 1259 lice
551 1185 704 1276 arbitrio,
749 1183 925 1283 postremo
963 1186 1126 1261 Atidium
1167 1186 1375 1277 Geminum,

409 1313 436 1353 “
455 1326 636 1405 pretorem
653 1304 810 1395 Achaia,
834 1305 1057 1379 decrevisse.''
1105 1308 1158 1379 lta
1183 1304 1376 1379 secundum

408 1424 597 1500 Meffenios
617 1424 751 1497 datum.
802 1426 850 1497 Et
866 1424 1053 1523 Segestani,
1081 1432 1108 1470 “
1127 1425 1241 1499 edem
1261 1428 1374 1499 Vene-

410 1550 439 1588 “
456 1544 513 1633 n's,
539 1560 697 1617 montem
708 1544 803 1641 apud
821 1546 985 1639 Erycem,
1010 1546 1178 1619 vetustate
1193 1543 1374 1643 dilapsam,

408 1670 438 1708 “
455 1662 655 1737 restaurari’
689 1662 927 1761 postulavere:
959 1684 1041 1738 nota
1071 1684 1301 1739 memorantes
1328 1665 1376 1737 de

408 1782 543 1881 origine
561 1780 647 1879 ejus,
672 1786 706 1855 δι
725 1783 802 1855 laeta
825 1782 992 1856 Tiberio:
1018 1782 1161 1881 suscepit
1186 1808 1306 1857 curam
1332 1782 1374 1857 li·

406 1906 507 1992 bens,
532 1922 571 1975 ut
587 1900 873 1999 consanguineus.
920 1902 1025 1975 Tunc
1053 1904 1203 1977 tradate
1230 1900 1375 1975 Mrffili-

406 2026 539 2097 ensrum
573 2044 706 2119 preces,
742 2022 1001 2117 probatumque
1030 2022 1071 2093 P.
1100 2020 1227 2095 Rutilii
1254 2045 1374 2095 exem·

407 2144 532 2239 plum:
559 2164 711 2236 natuque
733 2162 814 2211 eum
841 2139 977 2237 legibus
1005 2137 1155 2236 pulsum,
1180 2139 1296 2213 civem
1312 2142 1376 2215 libi

405 2258 573 2355 Smyrnaei
605 2257 833 2331 addiderant:
850 2284 936 2355 ¹quo
961 2256 1042 2355 jure
1067 2258 1246 2333 Vulcatius
1275 2259 1373 2333 Mos·

406 2381 506 2467 chus,
532 2375 641 2467 exsul,
678 2376 715 2449 in
740 2376 964 2451 Maffilienses
996 2398 1166 2475 receptus,
1204 2380 1298 2453 bona
1315 2376 1376 2452 sua

405 2495 604 2595 reipublicae
620 2520 756 2587 eorum,
782 2516 822 2569 ut
842 2496 959 2592 patriae
975 2496 1171 2594 reliquerat.

453 2616 588 2693 XLIV.
612 2618 767 2689 Onrnnn
785 2640 829 2687 eo
843 2640 936 2689 anno
952 2616 1017 2689 viri
1033 2616 1179 2707 nobiles,
1194 2618 1262 2692 Cn.
1278 2620 1375 2711 Len·

405 2738 513 2827 tulus,
540 2737 641 2809 &L
674 2733 862 2808 Domitius.
910 2737 1065 2809 Lentulo
1091 2734 1193 2834 super
1219 2735 1374 2812 consula-

404 2876 483 2929 tum
507 2857 541 2927 δι
558 2853 779 2951 triumphalia
794 2854 839 2927 de
854 2855 1013 2945 Gaetulis,
1040 2854 1159 2954 gloria
1188 2853 1298 2931 fuerat
1313 2860 1375 2931 be·

405 3000 450 3049 ne
466 2974 608 3047 tolerata
636 2992 829 3071 paupertas,
853 2972 935 3047 dein
951 3000 1089 3073 magna
1110 3000 1194 3073 opes
1208 2975 1374 3051 innocen·

405 3118 456 3169 ter
473 3096 652 3192 parata&
679 3092 832 3166 modeste
857 3093 996 3167 habitae.
1043 3094 1243 3169 Domitium
1269 3097 1374 3171 deco·

406 3214 495 3290 ravit
517 3231 629 3311 pater,
654 3211 747 3286 civili
766 3214 859 3285 bello
886 3212 991 3287 maris
1007 3233 1142 3311 potens,
1166 3215 1279 3289 donec
1295 3219 1374 3288 An·

404 3332 492 3407 tonii
522 3330 688 3428 partibus,
714 3356 800 3404 mox
831 3331 971 3406 Castris
1001 3330 1209 3407 misceretur.
1257 3338 1373 3424 Avus,

404 3450 597 3528 Pharsalici
625 3450 711 3540 acie,
737 3476 803 3548 pro
830 3451 1057 3549 optimatibus
1086 3452 1277 3527 ceciderat:
1304 3451 1376 3549 ipse

401 3573 544 3659 electus,
570 3568 626 3643 cui
654 3570 768 3643 minor
801 3571 970 3662 Antonia,
1006 3573 1152 3647 oetavia
1182 3570 1312 3670 genita,
1336 3570 1374 3643 in

402 3688 665 3764 matrimonium
697 3690 845 3763 daretur.
909 3690 1004 3781 Post,
1045 3691 1201 3765 exercitu
1240 3692 1374 3763 flumen

398 3790 528 3886 'Albim
550 3807 779 3895 transcendit3
805 3808 944 3907 longius
970 3814 1146 3907 penetrati
1170 3808 1372 3899 Germanii,

404 3931 514 4029 quam
540 3927 725 4029 quisquam
749 3927 904 4029 priorum
920 3956 929 4003 r
955 3927 1078 4028 easque
1094 3932 1143 4005 ob
1159 3954 1213 4005 res
1228 3927 1374 4027 insignia
