3259 5284
414 580 719 665 Auuanrunt
746 572 944 646 Laan.
1024 518 1029 522 -
1140 594 1209 671 253

248 771 380 848 petent.
428 751 539 848 Igitur
564 749 710 823 Latiaris
730 749 845 847 jacere
876 746 1034 820 fortuitos
1061 744 1215 841 primirm

246 870 447 943 sermones:
492 894 578 942 mox
611 870 748 941 laudare
778 866 1018 955 constantiam,
1068 871 1096 906 “
1119 862 1219 961 quitd

248 995 276 1031 “
294 1013 379 1077 non,
408 1007 447 1060 ut
476 988 592 1077 ceteri,
616 987 769 1059 florentis
786 988 915 1059 dombs
931 984 1077 1073 amicus,
1095 982 1215 1056 adflic-

216 1104 221 1111 ’
250 1115 279 1151 “
296 1128 368 1180 tam
389 1104 581 1179 deseruisset
597 1108 634 1178 :''
667 1108 765 1179 simul
782 1108 914 1177 honora
927 1105 973 1177 de
990 1101 1217 1189 Germanice,

249 1226 482 1324 Agrippinam
513 1223 685 1313 miserans,
718 1225 910 1297 disserebat.
962 1226 1008 1295 Et
1035 1222 1219 1319 postquam

249 1346 406 1437 Sabinus,
429 1364 468 1417 ut
495 1340 571 1416 sunt
596 1344 716 1417 molles
742 1344 778 1415 in
806 1341 999 1415 calamitate
1017 1340 1219 1414 mortalium

250 1464 370 1554 animi,
388 1463 510 1537 effudit
526 1464 694 1552 lacrimas,
718 1460 838 1559 junxit
858 1460 1014 1558 questus;
1039 1458 1221 1533 audentibs

241 1580 318 1681 jam
347 1604 465 1657 onerat
487 1582 661 1680 Sejanum,
695 1580 873 1669 saevitiam,
906 1576 1114 1677 superbiam,
1145 1576 1221 1673 spes

251 1702 344 1799 ejus:
371 1728 415 1775 ne
444 1702 480 1773 in
506 1701 690 1773 Tiberium
719 1699 864 1797 quidem
886 1696 1047 1772 convicio
1063 1695 1220 1769 abstinet.

251 1820 349 1916 lique
366 1819 550 1908 sermones,
579 1841 757 1915 tamquam
774 1818 881 1891 vetita
896 1815 1116 1905 miscuissent,
1145 1814 1221 1913 spe·

252 1938 342 2011 ciem
357 1940 457 2009 arstae
476 1937 634 2011 amicitiae
651 1936 771 2011 facere.
823 1942 878 2009 Ac
902 1934 978 2033 jam
1006 1937 1097 2008 ultro
1122 1936 1220 2008 Sabi·

252 2082 316 2129 nus
329 2056 683 2153 quaererelatiarem‚
713 2055 881 2129 ventitare
897 2057 1061 2144 domum,
1085 2056 1221 2127 dolores

252 2174 343 2263 suos,
371 2178 463 2273 quast
490 2177 534 2248 ad
551 2172 763 2265 fidissimum,
789 2173 931 2248 deferre.

301 2296 438 2367 LXIX.
455 2296 725 2369 Cousunrnur
739 2320 828 2391 quos
845 2294 1052 2384 memoravi,
1067 2318 1222 2391 quonam

253 2414 360 2488 modo
377 2439 418 2487 ea
433 2414 587 2511 plurium
604 2414 724 2487 auditu
741 2413 998 2509 acciperentur:
1022 2438 1104 2485 nam
1129 2415 1221 2502 loco,

253 2534 292 2609 in
306 2558 411 2631 quem
433 2533 602 2622 coibatur,
636 2531 801 2605 servanda
828 2530 1018 2605 solitudinis
1031 2531 1158 2616 sacies3
1187 2538 1222 2603 &

243 2656 277 2725 ·sr
296 2677 388 2747 pone
404 2650 493 2724 fores
509 2650 715 2739 adsisterent,
740 2671 851 2723 metus
869 2650 976 2738 visos,
998 2646 1139 2739 somnis,
1164 2669 1224 2723 aut

253 2770 341 2842 sorte
369 2789 452 2843 ortae
472 2767 668 2865 suspicionis
686 2790 768 2841 erat.
818 2770 971 2841 Tectum
992 2768 1081 2841 inter
1105 2774 1138 2841 ὅτ
1173 2771 1222 2842 la-

255 2888 406 2987 quearia,
435 2908 500 2961 tres
528 2888 707 2977 senatores,
726 2889 818 2960 haud
837 2888 952 2961 minus
968 2887 1061 2984 turpi
1079 2889 1221 2978 latebral,

244 3009 364 3105 'quam
389 3008 587 3080 detestanda
608 3007 740 3095 fraude,
776 3006 841 3079 sese
870 3006 1074 3079 abstrudunt
1088 3036 1099 3092 ;
1131 3006 1224 3079 sora-

254 3128 465 3201 minibus&
494 3126 589 3199 rimis
612 3150 729 3198 aurern
746 3128 948 3199 admovent.
996 3126 1131 3198 Interea
1152 3128 1224 3197 La-

253 3246 347 3319 tiaris
376 3264 552 3343 repertum
569 3245 605 3317 in
622 3244 765 3342 publico
781 3244 962 3347 Sabinum,
985 3245 1080 3317 velut
1107 3246 1225 3319 recens

255 3365 399 3463 cognita
415 3385 623 3453 narraturus,
658 3365 806 3437 domum
824 3368 858 3437 δι
875 3362 912 3434 in
930 3360 1133 3435 cubiculum
1157 3384 1224 3437 tra-

255 3485 329 3558 hit:
360 3485 598 3583 praeteritaque
614 3488 646 3556 δι
665 3482 836 3572 instantia,
854 3507 1003 3580 quorum
1017 3482 1147 3555 affatim
1166 3509 1225 3557 co-

258 3603 328 3700 pia,
353 3630 393 3675 ac
421 3630 531 3677 novos
548 3622 690 3676 terrores
708 3604 872 3675 cumulat.
924 3602 1061 3674 Eadem
1088 3600 1159 3692 ille,
1190 3609 1224 3677 ὅτ

256 3721 407 3805 diutibs3
430 3721 561 3819 quantb
589 3722 719 3809 masta,
743 3720 804 3795 ubi
820 3720 924 3793 semel
942 3722 1139 3817 prorupsre,
1157 3722 1226 3794 dif-

154 3872 159 3880 ·
258 3837 382 3911 ficililrs
400 3840 593 3912 reticentur.
642 3842 830 3937 Properata
845 3840 926 3912 inde
943 3838 1125 3928 accusatio,
1145 3840 1225 3914 mis·

259 3954 366 4055 sisque
383 3957 426 4030 ad
443 3956 610 4032 Caesarem
626 3957 743 4049 literis,
773 3958 931 4031 ordinem
949 3955 1092 4049 fraudis,
1110 3958 1225 4035 suum·
