3259 5284
446 532 516 609 266
639 532 681 607 C.
722 534 988 609 Connrtrr
1029 536 1226 613 Tacrrr

440 714 533 785 “ab
560 708 699 799 senatur
729 708 904 785 descivisse
931 713 1121 810 populum3
1150 712 1263 787 audiri
1281 708 1368 809 jam
1398 716 1432 787 dt

440 830 557 929 “legi
585 854 692 905 novas
720 830 917 921 conciones,
945 858 1039 905 nova
1065 852 1204 930 patrum
1230 831 1428 907 consulta:

441 950 572 1050 “quid
605 950 795 1048 reliquum,
836 950 899 1025 nist
924 972 964 1025 ut
993 972 1154 1049 caperent
1176 951 1352 1029 ferrum?
1396 956 1431 1025 δι

443 1080 470 1115 “
490 1096 641 1170 quorum
675 1070 843 1169 imagines
873 1096 937 1167 pro
973 1072 1109 1145 vexillis
1143 1070 1249 1147 secuti
1294 1071 1432 1159 forent,

441 1198 470 1237 “
488 1193 593 1265 duces
609 1188 898 1289 imperatoresque
919 1191 1158 1289 deligerent?”

491 1313 533 1383 V.
563 1312 704 1385 lorrun
722 1309 847 1400 Caesar,
877 1311 1028 1408 repetitis
1044 1313 1229 1387 adversbm
1252 1329 1430 1409 nepotem

441 1437 474 1507 δι
493 1456 621 1505 nurum
638 1428 785 1527 probris,
801 1429 1035 1529 increpitaque
1052 1456 1114 1529 per
1129 1431 1288 1507 eduum
1307 1432 1432 1527 plebe,

441 1550 579 1649 questus
596 1552 687 1647 apud
701 1571 827 1648 patres,
853 1549 993 1649 “quod
1009 1552 1126 1625 fraude
1141 1551 1244 1625 unius
1260 1548 1432 1625 senatoris

441 1678 469 1713 “
487 1669 709 1766 imperatoria
725 1668 877 1768 majestas
892 1668 984 1745 elusa
1004 1671 1141 1769 publice
1164 1670 1266 1759 soret,
1285 1670 1430 1765 integra

443 1794 607 1863 “tamen
632 1789 692 1865 srbi
719 1792 868 1863 cunda?
892 1791 1097 1887 postularit:
1126 1816 1190 1864 nec
1218 1791 1314 1864 ultra
1336 1786 1427 1861 deli·

441 1910 611 1999 beratum,
650 1909 852 2007 quominus,
890 1936 961 1984 non
994 1912 1137 2008 quidem
1168 1930 1331 1985 extrema
1363 1908 1427 1981 de·

441 2048 630 2118 cernerent,
657 2026 694 2101 id
716 2028 808 2103 enim
825 2029 989 2119 vetitum,
1012 2028 1071 2105 sed
1096 2036 1279 2126 “paratos
1305 2030 1357 2103 ad
1372 2026 1427 2099 ul·

443 2156 471 2193 “
489 2148 621 2221 tionem
639 2147 675 2221 vi
693 2148 858 2246 principis
874 2147 1059 2245 impediri”
1082 2147 1299 2223 testarentur.
1320 2202 1331 2219 .
1350 2198 1390 2219 ..

490 2270 552 2341 Vl.
578 2272 779 2366 anruon
805 2271 840 2341 dc
865 2268 1096 2367 quadraginta
1122 2267 1294 2343 orationes
1323 2265 1425 2363 supet

442 2388 482 2461 et
498 2412 533 2459 re
550 2386 691 2478 habitae,
710 2412 754 2459 ex
772 2390 851 2484 quis
867 2390 915 2461 ob
932 2410 1065 2461 metum
1078 2412 1211 2483 paucae,
1227 2389 1348 2485 plures
1363 2386 1425 2459 ad·

442 2504 633 2595 suetudine,
653 2560 662 2579 .
681 2558 690 2578 .
710 2554 748 2579 ·.
775 2514 803 2551 “
822 2506 909 2583 mihi
930 2508 1116 2603 pudorem,
1143 2526 1202 2579 aut
1226 2504 1354 2603 Sejano
1370 2502 1423 2575 in·

443 2634 472 2670 “
488 2626 619 2701 vidium
643 2627 839 2701 adlaturum
859 2625 972 2703 censui
989 2680 999 2701 .
1017 2680 1027 2699 .
1042 2679 1051 2700 .
1068 2680 1079 2699 .
1095 2624 1190 2699 versa
1203 2624 1252 2699 est
1267 2624 1421 2709 fortuna,

443 2754 470 2789 “
490 2746 596 2819 &ille
609 2746 768 2843 quidem,
794 2745 856 2843 qui
877 2747 1050 2845 collegam
1068 2750 1290 2843 &generum
1312 2739 1422 2818 adsci-

443 2874 471 2909 “
489 2884 598 2954 verat,
624 2864 684 2938 srbi
706 2862 873 2963 ignoscit:
903 2864 1021 2955 ceteri,
1041 2889 1148 2963 quem
1165 2890 1228 2961 per
1249 2865 1423 2937 dedecora

444 2992 472 3029 ‘⁴
486 2982 619 3074 lovere,
644 3010 726 3059 cum
740 2982 866 3062 scelere
881 2981 1087 3058 insectantur
1104 3038 1115 3057 .
1131 3037 1140 3057 .
1159 3038 1170 3057 .
1187 3038 1197 3057 .
1214 2982 1368 3057 miserius
1384 2982 1422 3053 lit

445 3108 538 3180 “ob
571 3102 758 3177 amicitiam
791 3102 955 3194 accusari,
983 3128 1027 3175 an
1060 3102 1214 3179 amicum
1246 3101 1419 3185 accusare,

444 3232 471 3269 “
490 3226 585 3299 haud
612 3220 869 3299 discreverim.
895 3274 905 3293 .
931 3274 940 3295 .
966 3247 1039 3295 non
1064 3222 1315 3310 crudelitatem,
1351 3242 1421 3293 non

443 3352 472 3395 “
490 3342 709 3419 clementiam
744 3339 946 3438 cujusquam
976 3341 1146 3439 experiar,
1181 3340 1239 3415 sed
1267 3342 1357 3415 liber
1387 3340 1420 3409 br

444 3472 472 3507 “
491 3463 575 3537 mihi
598 3464 658 3557 ipsi
680 3462 842 3557 probatus
857 3460 997 3534 anteibo
1015 3460 1219 3557 periculum.
1268 3463 1342 3535 Vos
1358 3460 1421 3531 ob·

445 3590 473 3631 “
492 3582 607 3671 testor,
632 3606 675 3653 ne
688 3580 894 3655 memoriam
911 3580 1018 3655 nostrl
1036 3605 1097 3677 per
1113 3605 1296 3655 maeroretu
1313 3579 1420 3678 quarn

445 3707 475 3750 “
493 3700 562 3773 laeti
587 3700 771 3789 retineatis,
795 3698 992 3798 adjiciendo
1020 3725 1078 3773 rue
1104 3725 1248 3797 quoque
1276 3698 1331 3793 iis,
1360 3690 1419 3795 qui

447 3827 474 3875 ‘⁴
493 3820 563 3905 fine
575 3819 718 3927 egregio
737 3818 878 3917 publica
890 3820 981 3895 mala
997 3820 1228 3919 effugerunt.’²
