3259 5284
490 569 792 640 Arainon
825 565 935 636 L1a.
969 561 998 638 1.
1217 573 1259 646 61

271 743 409 839 plebem
424 738 657 830 seditionibus,
675 727 826 837 denique
844 741 933 812 male
951 742 1042 838 gesta
1066 745 1241 839 republica

270 859 479 958 majestatem
507 859 630 956 populi
658 859 813 932 Romani
840 859 1035 932 minuisset:
1075 859 1162 938 faeta
1186 893 1239 938 ar-

271 981 478 1078 guebantur,
512 977 604 1053 dieta
624 978 768 1075 impune
794 997 899 1051 erant.
949 979 1084 1052 Primus
1101 984 1239 1081 Augus-

268 1118 325 1172 tus
353 1098 593 1196 cognitionem
625 1100 670 1172 de
696 1097 832 1172 famosis
860 1099 996 1188 libellis,
1017 1098 1126 1196 specie
1153 1104 1240 1202 legis

269 1217 340 1318 ejus
366 1219 539 1309 tractavit,
570 1237 769 1292 commotus
796 1217 897 1291 Casfii
930 1218 1045 1292 Severi
1081 1220 1237 1313 libidine,

271 1341 339 1436 qud
364 1338 454 1411 viros
469 1335 681 1433 feminasque
708 1336 863 1410 inlustres
892 1336 1092 1434 procacibus
1110 1337 1239 1438 scriptis

267 1457 531 1529 diffamaverat:
568 1482 653 1528 mox
680 1455 854 1546 Tiberius,
895 1455 1105 1530 consultante
1131 1461 1237 1532 Pom-

270 1576 350 1674 peio
364 1579 488 1648 Macro
504 1594 662 1672 pratore‚
689 1583 773 1648 “an
794 1574 925 1680 judicia
959 1572 1135 1672 majestatis
1159 1581 1238 1651 red-

253 1687 300 1738 “‘
317 1696 537 1768 derentur?''
577 1696 826 1768 “exercendas
859 1697 952 1792 leges
983 1697 1073 1767 effe”
1101 1695 1237 1792 respon-

269 1815 333 1888 dit.
382 1817 492 1887 Hunc
517 1839 656 1910 quoque
681 1812 876 1909 asperavere
902 1814 1066 1903 carmina,
1101 1814 1238 1890 incertis

268 1932 464 2006 auctoribus
476 1933 618 2029 vulgata
634 1931 670 2003 in
687 1930 849 2004 saevitiam
866 1932 1129 2029 superbiamque
1150 1932 1235 2032 ejus,

269 2057 304 2125 bt
320 2050 511 2125 discordem
528 2073 609 2123 cum
626 2070 736 2124 matre
758 2050 924 2123 animum.

316 2171 489 2243 LXXIII.
514 2171 640 2242 Hnun
671 2193 833 2242 rroaarr
862 2167 996 2260 referre,
1025 2169 1062 2242 in
1090 2171 1234 2246 Falanio

270 2294 304 2362 δι
328 2289 478 2378 Rubrio,
503 2287 648 2362 modicis
678 2288 848 2386 equitibus
875 2289 1056 2380 Romanis,
1094 2309 1237 2386 praeten-

268 2425 339 2480 tata
378 2405 545 2493 crimina3
587 2427 624 2479 ut
657 2408 782 2505 quibus
803 2407 919 2496 initiis,
953 2411 1080 2504 quanta
1105 2409 1236 2486 Tiberii

268 2545 353 2615 arte,
381 2525 614 2622 graviffimum
642 2526 785 2600 exitium
802 2525 986 2622 inrepserit,
1006 2527 1087 2600 dein
1109 2529 1236 2625 repres-

267 2645 411 2735 sumsit,
440 2644 612 2740 postremo
637 2643 761 2735 arserit,
792 2641 983 2742 cunctaque
1015 2645 1232 2742 corripuerit,

266 2762 433 2837 noscatur.
482 2763 623 2836 Falanio
654 2761 836 2860 objiciebat
867 2761 1052 2852 accusator,
1094 2770 1121 2808 “
1139 2765 1234 2861 qubd

269 2881 402 2954 “inter
426 2883 571 2954 cultores
598 2881 762 2979 Augusti,
792 2880 851 2978 qui
875 2907 936 2978 per
964 2905 1084 2954 omnes
1109 2882 1234 2957 domos

267 3002 349 3072 “in
376 3002 523 3073 modum
551 3001 778 3097 collegiorum
806 3001 1037 3089 habebantur,
1084 3002 1234 3078 Caffium

268 3121 504 3217 “quemdam
529 3118 678 3192 mimum
712 3144 856 3215 corpore
888 3117 1053 3191 infamem
1078 3117 1233 3196 adscivis-

276 3235 367 3310 “set
387 3267 396 3309 ε
421 3237 587 3336 quodque
609 3237 756 3310 venditis
781 3237 899 3327 hortis,
916 3238 1061 3311 statuam
1079 3242 1230 3338 Augusti

266 3363 294 3399 “
312 3359 410 3430 srmul
438 3357 695 3454 mancipaffet.’'
744 3356 882 3430 Rubrio
912 3355 1046 3430 crimini
1072 3360 1232 3451 dabatur,

267 3481 294 3517 “
313 3475 480 3548 violatum
497 3474 645 3574 perjurio
662 3502 685 3548 n
710 3501 790 3548 men
808 3473 995 3574 Augusti.''
1055 3479 1144 3574 Qaae
1170 3481 1233 3553 ubi

263 3593 409 3666 Tiberio
424 3597 580 3685 notudre,
609 3594 735 3692 scripsrt
752 3593 947 3667 consulibus
962 3621 973 3682 3
1002 3601 1030 3636 “
1048 3597 1131 3667 Non
1154 3597 1233 3671 ideo

265 3712 487 3787 “decretum
505 3715 591 3810 patri
609 3711 668 3786 suo
683 3715 822 3803 caelum,
851 3733 890 3784 ut
919 3713 954 3785 in
983 3713 1171 3810 perniciem
1184 3715 1231 3788 ci-

150 3813 157 3820 *
263 3835 294 3877 “
311 3831 408 3904 vium
434 3833 462 3906 is
482 3835 595 3905 honor
612 3850 809 3904 verteretur.
860 3832 1009 3904 Cassium
1032 3832 1232 3906 histrionem

263 3953 291 3992 “
307 3945 445 4032 solitum
461 3951 548 4026 inter
564 3950 648 4026 alios
664 3948 814 4048 ejusdem
842 3950 921 4024 artis
949 3949 1103 4026 intereffe
1127 3953 1230 4044 ludis,
