3259 5284
391 589 436 662 92
582 563 1168 640 C.Conursn11Tnc1rr

385 761 512 810 vocem
536 737 721 812 adversum
749 739 901 835 pericula
926 730 1084 835 poscere:
1122 738 1355 814 abnuentibus

384 856 529 945 canois,
554 858 634 930 clun
656 856 788 930 diversa
815 859 1075 955 praetenderent,
1099 857 1353 932 efidemformi-

383 973 480 1066 dine,
506 975 563 1048 die
588 975 721 1048 senattls
745 997 841 1050 metu
862 984 895 1050 δι
926 977 1126 1075 aegritudine
1144 974 1259 1068 sessus,
1284 982 1353 1051 sive

381 1114 421 1179 ut
438 1094 611 1168 tradidsre
628 1095 785 1192 quidam,
809 1098 966 1169 fimulato
987 1098 1124 1185 morbo,
1151 1096 1267 1169 leslicrl
1290 1098 1351 1169 de-

383 1214 472 1286 latus
495 1215 539 1286 ad
562 1213 650 1287 sores
674 1214 791 1305 curia,
823 1213 1017 1312 innisusque
1041 1213 1149 1305 fratri,
1170 1220 1204 1288 ἃ
1230 1241 1353 1289 manus

381 1358 422 1405 ac
438 1331 605 1430 supplices
630 1360 732 1407 voces
755 1335 799 1407 ad
820 1333 1005 1408 Tiberium
1022 1335 1181 1424 tendens,
1205 1333 1352 1408 immoto

381 1450 454 1549 ejus
487 1454 585 1525 vultu
623 1452 820 1550 excipitur:
860 1479 946 1526 mox
974 1453 1166 1527 libellos&
1195 1457 1351 1527 auslores

381 1573 498 1646 recitat
511 1571 636 1661 Caesar,
655 1571 701 1644 ita
721 1575 921 1665 moderans,
946 1597 991 1646 ne
1012 1573 1131 1664 lenire,
1156 1597 1245 1646 neve
1256 1571 1349 1670 aspe-

381 1717 453 1764 rare
474 1692 617 1764 crimina
637 1692 821 1765 videretur.

428 1813 548 1884 XXX.
576 1817 877 1902 Accssssrtnur,
905 1831 1024 1909 praeter
1039 1811 1206 1885 Trionem
1224 1819 1257 1886 &
1282 1813 1349 1886 Ca-

377 1951 454 2003 tum
471 1929 692 2022 accusatores,
712 1931 875 2005 Fonteius
893 1932 1067 2030 Agrippa,
1097 1937 1129 2004 δι
1152 1934 1194 2006 C.
1211 1931 1349 2023 Vibius,

378 2053 622 2148 certabantque
648 2049 706 2124 cui·
724 2049 782 2146 jus
807 2050 988 2148 perorandi
1013 2051 1048 2122 in
1073 2075 1169 2122 reum
1184 2051 1346 2124 daretur:

376 2170 490 2244 donec
506 2169 642 2260 Vibius,
673 2169 755 2266 quia
783 2195 846 2242 nec
874 2169 934 2265 ipsr
953 2169 1039 2241 inter
1055 2165 1088 2240 se
1105 2171 1348 2260 concederent,

378 2293 412 2362 ὅτ
430 2289 526 2364 Libo
544 2292 611 2361 stne
628 2307 771 2385 patrono
787 2289 966 2378 introisset,
995 2287 1189 2384 singillatim
1221 2287 1254 2361 se
1281 2289 1347 2361 cri·
1404 2351 1407 2362 .

376 2408 472 2480 mina
503 2404 719 2504 objeslurum
750 2406 930 2504 professus,
957 2407 1100 2503 protulit
1126 2407 1260 2480 libellos
1287 2435 1348 2481 ve-

376 2528 497 2601 cordes
515 2527 617 2617 adeb,
646 2547 685 2600 ut
707 2526 948 2600 consultaverit
972 2525 1079 2616 Lib0,
1104 2534 1132 2570 “
1144 2553 1189 2600 an
1212 2527 1347 2600 babitu-

377 2655 407 2692 “
425 2675 483 2721 rus
511 2646 599 2719 foret
623 2672 721 2744 opes,
746 2649 825 2744 quis
849 2646 942 2720 viam
961 2646 1116 2743 Appiam
1132 2645 1347 2720 Brundisium

377 2773 406 2810 “
423 2766 532 2866 usque
561 2766 706 2864 pecunii
728 2766 910 2864 operiret.’'
959 2768 1095 2838 Inerant
1123 2769 1156 2838 δι
1184 2765 1250 2837 alia
1281 2767 1346 2838 hu·

367 2885 576 2984 juscemodi,
606 2885 744 2976 stolida,
773 2912 884 2972 vana3
931 2889 954 2958 sr
989 2885 1129 2958 mollius
1161 2883 1345 2981 acciperes,

374 3005 574 3079 miseranda.
640 3006 714 3078 Uni
740 3027 857 3078 tamen
890 3004 1021 3092 libello,
1049 3028 1154 3076 manu
1182 3003 1344 3095 Libonis,

374 3125 573 3198 nominibus
589 3122 762 3196 Caesamm
778 3143 837 3196 aut
861 3121 1070 3211 senatorum,
1096 3121 1228 3194 additas
1256 3143 1344 3195 atro-

374 3271 431 3318 ces
448 3246 507 3318 rel
528 3244 679 3315 occultas
704 3263 815 3330 notas,
843 3241 1016 3314 accusator
1043 3242 1220 3338 arguebat.
1270 3243 1344 3315 Ne·

374 3384 477 3462 ganre
494 3387 566 3451 reo,
592 3360 811 3459 agnoscentes
828 3359 941 3448 servos
966 3386 1027 3457 per
1049 3379 1218 3432 tormenta
1239 3359 1344 3433 inter-

372 3481 486 3580 rogari
513 3481 652 3577 placuit.
719 3482 766 3552 Et
793 3479 876 3577 quia
903 3499 1019 3552 vetere
1044 3477 1346 3570 senatusconsulto,

373 3601 516 3699 quaestio
543 3600 578 3672 in
619 3621 723 3697 caput
743 3599 877 3672 domini
901 3600 1155 3696 prohibebatur,
1199 3598 1345 3678 callidus

374 3725 408 3794 δι
434 3719 517 3792 novi
537 3717 623 3815 juris
650 3739 805 3816 repertor
821 3717 997 3809 Tiberius,
1025 3718 1213 3816 mancipari
1230 3722 1343 3816 fingu-

373 3842 425 3912 los
442 3838 547 3911 aslori
564 3839 705 3935 publico
715 3837 816 3936 jubet
832 3867 842 3941 :¹
866 3836 1006 3930 scilicet,
1034 3858 1073 3910 ut
1100 3838 1135 3910 in
1166 3837 1344 3910 Libonem

372 3958 549 4050 exsertis,
580 3956 676 4034 salvo
697 3955 997 4052 senatusconsulto,
1031 3978 1247 4058 quareretur.
1281 3956 1342 4029 Ob
