3259 5284
487 545 792 616 Arimin
826 540 939 612 Lrn.
972 539 1001 612 1.
1193 565 1242 640 49

263 724 294 762 “
311 713 562 813 Germanisque
578 714 673 787 idem
689 713 904 797 conducere3
924 717 958 785 δι
975 735 1112 810 pacem,
1131 711 1239 810 quim

265 843 295 879 “
312 837 443 909 bellum
459 837 662 932 probabam.
714 835 811 930 Ergo
831 852 1004 928 raptorem
1026 828 1106 903 filiae
1131 855 1235 921 meae,

265 957 295 996 “
312 953 516 1027 violatorem
552 951 691 1027 foederis
727 951 832 1025 vestri
870 949 1085 1039 Arminium,
1140 952 1238 1048 apud

265 1078 295 1115 “
313 1075 460 1161 Varum,
506 1070 670 1168 quitum
698 1069 864 1144 exercitui
896 1069 1108 1166 praefidebat,
1136 1095 1235 1144 reum

265 1195 294 1232 “
311 1189 400 1264 feci:
429 1191 555 1262 dilatus
580 1187 724 1287 segniti&
749 1189 863 1280 ducis,
893 1187 974 1286 quia
1002 1213 1126 1285 pamm
1144 1213 1252 1285 prae-.

266 1314 296 1350 “
313 1309 386 1382 fidii
402 1308 437 1381 in
454 1307 589 1406 legibus
605 1329 690 1397 erat,
718 1326 759 1381 ut
785 1334 857 1398 me,
886 1307 923 1377 δε
952 1307 1169 1398 Arminium,
1198 1313 1234 1382 δι

261 1423 458 1501 “conscios
490 1427 650 1516 vinciret,
685 1427 850 1524 flagitavi.
899 1426 1011 1500 Testis
1039 1427 1097 1498 illa
1134 1452 1221 1518 nort,
1297 1422 1299 1430 '

265 1545 398 1618 “mihi
434 1544 569 1618 utinam
598 1544 712 1640 potius
746 1545 946 1618 novissima!
984 1547 1076 1640 Qrae
1121 1542 1233 1620 secuta

264 1672 294 1708 “
311 1663 401 1754 sunt,
418 1663 539 1738 defleri
556 1664 681 1760 magis,
702 1665 810 1760 quirm
827 1661 967 1736 defendi
983 1664 1119 1760 poffunt
1136 1693 1143 1736 :
1175 1691 1230 1738 ce-

263 1789 293 1825 “
309 1784 420 1856 tetitm
437 1785 471 1853 δι
489 1780 588 1881 injeci
605 1802 740 1855 catenas
765 1781 940 1872 Armini0,
974 1787 1008 1854 δι
1037 1807 1058 1853 a
1084 1781 1232 1858 farrione

264 1899 383 1998 “ejus
409 1899 549 1999 injecias
579 1903 750 1998 perpeffus
780 1899 867 1974 sum.
927 1903 1047 1998 Atque
1071 1901 1133 1974 ubi
1161 1903 1231 1998 pri·

262 2026 292 2062 “
308 2021 408 2093 mum
437 2019 488 2092 tui
519 2020 632 2116 copia,
662 2039 777 2096 vetera
789 2019 903 2110 novis,
923 2025 957 2093 δι
979 2019 1094 2117 quieta
1121 2021 1229 2094 turbi-

262 2138 363 2212 “dis
391 2141 609 2212 antehabeo:
639 2164 753 2238 neque
786 2141 835 2212 ob
861 2129 1057 2234 praemium,
1093 2137 1151 2212 sed
1191 2160 1230 2216 ut

261 2263 290 2301 “
306 2281 365 2330 me
389 2256 532 2353 perfidie
557 2255 758 2344 exsolvam3
786 2259 883 2330 simul
913 2256 1006 2354 genti
1032 2260 1227 2334 Germano-

262 2381 290 2418 “
306 2400 386 2448 rum
402 2374 546 2450 idoneus
562 2375 773 2464 conciliator,
803 2380 827 2449 fi
855 2375 1086 2472 paenitentiam
1119 2381 1227 2478 quim

260 2499 290 2537 “
308 2494 496 2590 perniciem
512 2495 679 2567 maluerit.
727 2492 951 2591 Projuventfi
977 2498 1010 2567 &
1039 2521 1149 2570 errore
1166 2501 1228 2576 filii

261 2610 445 2685 “veniam
477 2637 619 2708 precor:
650 2612 758 2685 filinm
790 2615 980 2686 neceffitate
1003 2615 1071 2686 huc
1096 2618 1228 2692 adduc-

260 2735 289 2774 “
306 2748 380 2804 tam
395 2729 531 2804 fateor:
560 2751 661 2804 tuum
687 2730 748 2802 erit
775 2729 975 2818 consultare,
1003 2751 1121 2805 utrum
1141 2735 1228 2830 prael

261 2855 289 2890 “
306 2850 432 2939 valeat,
470 2849 567 2945 quod
592 2874 637 2920 ex
665 2848 829 2921 Arminio
856 2846 1029 2943 concepit,
1064 2875 1108 2922 an
1135 2853 1230 2949 quod

260 2973 288 3008 “
305 2991 349 3039 ex
377 2993 435 3041 me
463 2968 580 3066 genita
595 2969 681 3039 est.''
729 2966 856 3056 Caesar,
874 2967 1036 3040 clementi
1052 2967 1227 3065 responso,

259 3085 371 3158 liberis
388 3084 657 3183 propinquisque
682 3083 753 3184 ejus
780 3084 1069 3174 incolumitatem,
1093 3086 1155 3182 ipsi
1179 3088 1227 3162 se·
1340 3139 1342 3146 ι

258 3203 340 3276 dem
356 3205 493 3292 Vetera,
519 3202 555 3276 in
572 3203 762 3300 provincii,
780 3203 972 3300 pollicetur.
1024 3205 1227 3282 Exercitum

257 3322 410 3413 reduxit,
440 3329 639 3421 nomenque
673 3327 869 3420 imperatoris
905 3325 1042 3396 auctore
1084 3315 1228 3400 Tiberio

254 3440 397 3537 accepit.
446 3439 598 3515 Arminii
613 3467 715 3531 uxor,
733 3440 838 3516 virilis
862 3441 962 3515 sextis
989 3441 1127 3538 stirpem
1153 3443 1226 3518 edi-

253 3557 329 3630 dit:
360 3561 525 3635 educatus
543 3562 722 3634 Ravennae
748 3586 847 3656 puer,
872 3586 944 3656 quo
966 3586 1050 3634 mox
1073 3563 1224 3638 ludibrio

254 3677 469 3754 conflictatus
486 3682 538 3767 fit,
563 3676 601 3749 in
617 3699 776 3774 tempore
792 3681 1008 3754 memorabo.

301 3798 401 3874 LIX.
427 3799 548 3870 FAMA
566 3794 675 3882 dediti
692 3795 913 3894 benigneque
940 3798 1076 3894 excepti
1107 3799 1224 3896 Seges-

253 3913 295 3992 tis
312 3917 467 4020 vulgata,
498 3936 536 3989 ut
563 3912 757 4016 quibusque
785 3917 917 3994 bellum
944 3915 1059 3994 invitis
1082 3937 1141 3991 aut
1162 3944 1223 3994 ctr-

715 4035 747 4110 E
