3259 5284
463 672 758 752 Anunrtunr
798 675 907 750 Ltn.
949 674 1011 749 IV.
1149 700 1219 773 229

256 856 285 895 “
298 837 355 925 ¹sos
373 874 517 948 precor:
546 854 623 942 hos,
648 870 686 923 ut
702 850 788 923 mihi
803 851 848 922 ad
866 851 970 921 finem
998 849 1103 946 usque
1125 848 1219 936 vitae,

257 976 285 1012 “
303 970 455 1068 quietam
474 977 507 1045 ὃ(
524 970 777 1068 intelligentem
794 969 938 1043 humani
963 968 1143 1065 divinique
1163 964 1221 1062 ju-

258 1098 286 1133 “
304 1090 348 1161 ris
364 1108 517 1164 mentem
532 1090 655 1175 duint,
682 1090 773 1179 illos,
799 1109 839 1162 ut
856 1088 1068 1184 quandoque
1084 1082 1221 1158 conces·

257 1216 286 1252 “
303 1209 391 1299 sero,
415 1234 498 1282 eum
514 1209 614 1281 laude
631 1212 664 1280 δι
682 1208 780 1281 bonis
797 1202 1105 1293 recordationibus,
1133 1203 1224 1275 faeta

259 1336 288 1376 “
306 1349 410 1425 atque
424 1327 555 1399 samam
571 1326 720 1399 nominis
735 1326 804 1399 mei
822 1324 1099 1422 prosequantur.’'
1140 1326 1224 1395 Per·

259 1446 412 1543 stititque
429 1446 584 1542 posthae,
604 1445 733 1517 secretis
745 1445 849 1517 etiam
868 1442 1094 1531 sermonibus,
1112 1439 1222 1537 asper-

259 1565 333 1637 nari
348 1566 453 1637 talem
481 1560 531 1638 sul
556 1566 716 1637 cultum:
745 1564 840 1660 quod
857 1563 914 1635 alii
940 1570 966 1604 “
985 1560 1225 1649 modestiam,'’

260 1684 374 1773 multi,
402 1684 526 1781 “quia
547 1682 755 1770 diffideret,''
781 1681 941 1777 quidam,
973 1687 1049 1753 “ut
1076 1680 1226 1776 degene-

262 1808 290 1844 “
309 1802 353 1874 ris
369 1802 514 1891 animi,”
530 1802 848 1896 interpretabantur.
868 1807 894 1842 ‘⁴
906 1801 1080 1895 Optumos
1098 1798 1227 1896 quippe

263 1926 290 1962 “
308 1920 520 2009 mortalium,
552 1919 709 1992 altissima
724 1943 861 2015 cupere.
910 1917 963 1989 Sic
981 1920 1175 1991 Herculem
1193 1922 1227 1991 δε

265 2038 484 2111 “Liberum
507 2040 601 2136 apud
626 2041 783 2127 Graecos,
817 2036 1003 2134 Qirinum
1030 2038 1124 2132 apud
1149 2060 1227 2125 nos,

265 2164 294 2201 “
311 2158 419 2230 desim
436 2183 580 2232 numero
596 2156 741 2229 additos.
790 2156 922 2228 Melius
942 2154 1154 2251 Augustum,
1169 2153 1230 2251 qui

161 2338 166 2347 .
265 2284 292 2320 “
311 2276 504 2374 speraverit.
553 2277 678 2348 Cetera
703 2274 921 2370 Principibus
951 2274 1065 2345 statim
1093 2274 1227 2346 adesse:
1307 2368 1311 2377 Ι

266 2404 294 2439 “
310 2421 422 2469 unum
449 2392 680 2467 insatiabiliter
710 2390 916 2490 parandum,
956 2390 1144 2489 prosperam
1179 2390 1230 2463 sul

265 2520 293 2557 “
311 2512 541 2587 memoriam:
576 2538 658 2587 nam
684 2526 888 2609 contemptu
905 2509 1020 2602 samae,
1055 2510 1232 2587 contemni

266 2640 294 2675 “
310 2632 488 2706 virtutes.''

314 2752 490 2824 XXXIX.
516 2758 577 2825 Ar
605 2754 776 2845 Sejanus
805 2752 912 2825 nimia
939 2746 1076 2825 fortuna
1105 2750 1231 2840 socorS,

267 2874 301 2944 ἃ
319 2868 480 2943 muliebri
496 2870 632 2967 insuper
649 2871 813 2967 cupidine
831 2869 996 2958 incensus,
1031 2870 1234 2967 promissum

266 2987 527 3061 matrimonium
541 2989 717 3087 flagitante
733 2988 849 3078 Livia,
868 2988 1048 3085 componit
1063 2990 1107 3059 ad
1123 2986 1234 3061 Caesa-

266 3132 341 3180 rem
357 3106 553 3180 codicillos:
575 3108 681 3181 moris
691 3108 821 3205 quippe
832 3128 907 3179 tum
921 3127 1005 3196 erat,
1019 3126 1236 3205 quamquam

267 3224 480 3323 praesentem,
510 3225 634 3323 scripto
658 3226 778 3298 adire:
808 3224 886 3322 ¹ejus
913 3226 988 3299 talis
1017 3226 1127 3299 forma
1157 3224 1235 3299 fuit.

268 3351 297 3386 “
315 3344 556 3417 Benevolentia
584 3344 688 3441 patris
717 3344 881 3441 Augusti,
910 3350 943 3417 δε
971 3370 1056 3417 mox
1079 3345 1236 3441 pluribus

268 3470 297 3505 “
313 3459 448 3536 Tiberii
457 3461 610 3560 judiciis,
643 3462 690 3535 ita
721 3460 913 3553 insuevisse,
942 3484 980 3535 ut
997 3464 1069 3560 spes'
1086 3483 1237 3561 votaque

269 3588 298 3625 “
315 3580 374 3679 sua
390 3608 461 3654 non
478 3580 571 3678 prius
588 3583 633 3654 ad
648 3581 747 3671 deos,
764 3580 871 3678 quam
888 3583 932 3654 ad
948 3582 1149 3678 Principum
1176 3608 1238 3655 au·

270 3707 298 3743 “
316 3724 370 3772 res
386 3699 565 3774 conferret.
615 3702 743 3797 Neque
760 3698 934 3799 fulgorem
963 3702 1135 3774 honorum
1158 3727 1237 3774 um,

272 3823 300 3859 “
319 3818 424 3915 quam
443 3838 647 3913 precatum:
673 3819 838 3893 excubias
853 3846 893 3893 ac
910 3820 1056 3910 labores,
1075 3840 1114 3892 ut
1129 3844 1239 3893 unum

274 3941 302 3978 “
320 3960 340 4007 e
358 3934 537 4028 militibus,
556 3965 621 4035 pro
638 3938 872 4012 incolumitate
889 3938 1109 4036 Imperatoris
1126 3941 1239 4013 malle.
1262 3986 1263 3989 =

274 4060 502 4149 “·Attamen,
542 4056 639 4155 quod
666 4058 952 4155 pulcherrimum,
990 4059 1168 4155 adeptum,
1205 4076 1243 4130 ut

731 4179 813 4274 Q
