3259 5284
367 595 433 644 120
596 567 1105 642 C.Conuaa11Tncrr'r

362 739 535 838 utriusque
562 742 672 838 regni,
699 745 720 814 fi
752 740 973 838 sperneretur,
1007 739 1182 811 vindicem
1195 758 1324 812 metue-

364 862 449 931 bat:
474 859 650 932 enimvero
681 860 796 933 auditas
823 858 1010 932 mutatione
1038 857 1221 954 Principis,
1259 857 1325 929 im-

363 976 498 1050 mittere
515 979 684 1050 latronum
702 979 840 1076 globos,
860 975 1054 1050 exscindere
1069 976 1218 1066 castella,
1246 1003 1325 1049 cau-

362 1094 412 1166 sas
437 1096 539 1168 bello.

407 1215 523 1286 LXV.
547 1215 675 1286 Nurrn
693 1215 791 1310 aeque
806 1214 986 1287 Tiberium
999 1212 1143 1285 anxium
1159 1213 1321 1301 habebat,

362 1330 471 1428 quim
499 1357 541 1403 ne
568 1336 756 1429 compotita
782 1335 1020 1406 turbarentur:
1054 1331 1176 1428 deligit
1204 1351 1324 1404 centu·

362 1448 510 1539 n'onem,
528 1449 588 1545 qui
605 1450 773 1523 nuntiaret
790 1451 942 1548 regibus,
978 1457 1005 1493 “
1017 1475 1060 1522 ne
1076 1448 1178 1521 armis
1194 1445 1324 1545 discep-

365 1573 518 1639 “tarent
534 1569 570 1639 :''
598 1568 781 1666 statimque
811 1595 833 1641 a
859 1571 969 1664 Cotye
984 1567 1117 1640 dimissa
1128 1566 1217 1658 sunt,
1248 1593 1324 1664 quae

365 1705 555 1781 paraverat,
594 1687 730 1759 auxilia.
796 1685 1026 1784 Rhescuporis
1054 1687 1134 1758 fieta
1160 1685 1340 1760 modestis

363 1803 526 1899 postulat,
557 1809 585 1847 “
601 1808 766 1878 eumdem
782 1806 817 1878 in
834 1808 951 1879 locum
968 1805 1126 1892 coiretur,
1158 1807 1251 1900 polle
1283 1807 1328 1878 de

364 1929 392 1964 “
410 1920 642 1997 controversiis
671 1923 859 2022 conloquio
886 1923 1025 2021 transigi
1038 1924 1074 1994 :''
1103 1947 1167 1995 nec
1182 1923 1244 1996 diu
1260 1925 1325 1995 du-

362 2039 510 2112 bitatum
537 2043 582 2112 de
612 2061 782 2138 tempore,
813 2044 906 2130 loc0,
933 2042 1012 2114 dein
1040 2041 1324 2115 conditionibus=

361 2160 445 2231 cirm
461 2161 545 2230 alter
560 2157 735 2249 facilitate,
763 2162 847 2232 alter
879 2157 998 2233 fraude
1029 2163 1153 2232 cuncta
1180 2159 1267 2231 inter
1294 2158 1327 2231 se

363 2278 605 2365 concederent,
637 2278 907 2372 acciperentque.
958 2276 1188 2374 Rhescuporis
1219 2275 1327 2348 sanci-

332 2476 336 2483 .
362 2395 469 2482 endo,
495 2413 534 2465 ut
557 2394 746 2484 dictitabat,
778 2394 915 2484 foederi,
949 2395 1147 2467 convivium
1181 2391 1324 2492 adjicit;

361 2513 539 2608 tractasque
567 2512 603 2584 in
631 2514 775 2584 multam
803 2514 942 2586 nouem
970 2511 1099 2604 laetitia,
1130 2539 1190 2610 per
1210 2515 1328 2609 epulas

362 2655 405 2702 ac
431 2629 656 2702 vinolentiam
682 2631 859 2703 incautum
896 2632 1026 2726 Cotyn,
1068 2635 1101 2703 &
1147 2632 1328 2728 postquam

363 2750 489 2821 dolum
506 2748 733 2838 intellexerat,
753 2756 780 2793 “
798 2749 890 2822 sacra
907 2749 1017 2846 regni,
1031 2746 1181 2846 ejusdem
1192 2749 1330 2828 familiae

364 2873 393 2911 “
410 2869 508 2958 deos,
533 2871 568 2940 δι
597 2865 777 2963 hospitales
790 2867 945 2940 mensas''
966 2866 1207 2959 obtestantem,
1237 2891 1328 2942 cate·

362 2985 418 3059 nis
434 3003 564 3058 onerat.
612 2986 831 3084 Thraciaque
848 2986 943 3059 omni
961 2986 1101 3082 potitus,
1128 2986 1254 3082 scripfit
1282 2989 1328 3060 ad

363 3104 562 3194 Tiberium,
587 3112 614 3147 “
630 3104 771 3176 structas
794 3104 854 3176 srbi
870 3103 1017 3192 infidias,
1036 3125 1251 3200 praeventum
1276 3105 1328 3176 in-

364 3229 395 3264 “
414 3222 606 3293 fidiatorem
623 3222 659 3291 :’'
689 3222 787 3293 simul
815 3223 946 3293 bellum
964 3221 1124 3292 advershs
1153 3223 1329 3295 Bastarnas

363 3337 574 3434 Scythasque
597 3340 827 3433 praetendens,
855 3337 952 3409 novis
981 3337 1137 3433 peditum
1166 3344 1199 3412 &
1232 3341 1328 3436 equi..

364 3441 441 3530 tum
468 3455 576 3551 copiis
601 3453 667 3528 sese
694 3458 863 3529 firmabat.

414 3575 548 3654 LXVI.
572 3577 790 3648 Monstras
806 3572 1022 3670 rescriptum,
1054 3579 1117 3648 “sr
1135 3574 1223 3648 fraus
1235 3577 1328 3649 abes-

368 3700 396 3736 “
414 3692 473 3781 set,
490 3693 582 3788 poll'e
598 3718 680 3764 eum
690 3691 895 3771 innocentia
908 3694 1032 3766 fidere:
1053 3695 1204 3768 ceterbm
1216 3719 1330 3792 neque

369 3820 398 3863 “
414 3811 461 3899 se,
486 3835 598 3913 neque
613 3808 786 3900 senatum,
826 3811 886 3884 nisr
910 3813 1049 3909 cognitrl
1071 3817 1184 3904 causi,
1205 3812 1263 3910 jus
1296 3821 1330 3886 δι

368 3937 399 4020 .“
416 3927 576 4030 injuriam
605 3925 830 4012 discreturus:
872 3929 1030 4035 proinde,
1057 3931 1183 4008 tradito
1206 3934 1330 4028 Cotye,
