3259 5284
461 608 766 679 Auunnruru
799 597 995 677 Lra.VI.
1165 606 1235 701 289

271 778 300 820 “
317 778 423 852 cundi
440 778 548 853 fratris
566 779 796 852 mederetur.”
846 774 963 848 Etiam
980 774 1016 846 in
1031 772 1236 870 Pompeiam

268 896 466 971 Macrinam
483 898 639 971 exsrlium
658 896 829 985 statuitur,
854 892 950 991 eujus
966 889 1142 981 maritum,
1168 896 1235 966 At·

269 1014 440 1110 golicum,
469 1015 637 1105 socerum,
671 1018 866 1104 Laconem,
898 1035 919 1085 e
947 1011 1155 1108 primoribus
1183 1016 1236 1083 A·

268 1132 458 1222 chaeorum,
481 1132 589 1207 Caesar
605 1132 796 1206 adflixerat.
844 1134 946 1204 Pater
968 1154 1110 1228 quoque
1132 1126 1235 1202 inlus-

268 1248 328 1321 tris
361 1276 467 1348 eques
501 1256 696 1342 Romanus,
726 1278 766 1326 ac
789 1249 897 1324 ¹frater
924 1249 1114 1346 praetorius,
1154 1249 1238 1321 ciam

269 1368 446 1443 damnatio
462 1370 610 1460 instaret,
644 1369 677 1443 se
692 1370 753 1468 ipsi
770 1368 993 1443 intersecslre:
1023 1368 1141 1439 datum
1166 1385 1237 1439 erat

268 1488 419 1578 crimini,
445 1488 581 1585 “quod
607 1490 862 1585 Theophanem
887 1486 1132 1581 Mitylenaeum
1156 1511 1236 1583 pro·

270 1613 298 1648 “
317 1632 423 1679 avum
436 1612 438 1617 '
453 1632 588 1697 eorum,
622 1608 689 1679 Cn.
713 1610 869 1703 Magnus
896 1604 983 1677 inter
1006 1604 1149 1677 intimos
1177 1606 1238 1677 ha-

270 1730 298 1767 “
316 1725 463 1797 buislet:
505 1724 672 1820 qu6dque
709 1723 874 1797 defuneto
906 1723 1129 1820 Theophani,
1168 1748 1235 1795 cae-

178 1852 179 1857 ’
269 1845 296 1882 “
314 1840 410 1913 lestes
428 1842 575 1913 honores
592 1844 716 1914 Graeca
732 1842 887 1916 adulatio
903 1842 1105 1916 tribuerat.”

329 1960 432 2031 XIX.
468 1960 564 2031 Posr
594 1985 681 2056 quos
704 1963 784 2033 Sex.
807 1960 955 2050 Marius,
989 1958 1237 2058 Hispaniarum

268 2075 461 2166 ditiffimus,
490 2076 641 2151 defertur
665 2078 877 2153 “incestasse
909 2078 1057 2168 liliam,'’
1088 2084 1123 2153 &
1155 2078 1237 2152 saxo

268 2194 421 2291 Tarpeio
435 2194 608 2293 dejicitur:
638 2222 679 2270 ac
697 2223 741 2271 ne
757 2198 907 2271 dubium
922 2201 1116 2288 haberetur,
1134 2222 1236 2295 mag·

268 2312 463 2387 nitudinem
479 2315 633 2411 pecuniae
650 2318 743 2389 malo
762 2316 911 2405 vertisse,
929 2315 1138 2412 aurariasque
1150 2314 1236 2413 ejus,

269 2458 484 2531 quamquam
501 2434 772 2531 publicarentur,
798 2434 931 2508 sibimet
954 2432 1115 2509 Tiberius
1139 2432 1237 2531 sepo

267 2550 344 2625 suit.
392 2551 621 2649 Inritatusque
638 2551 823 2649 suppliciis,
847 2554 1003 2644 cunctos,
1031 2552 1238 2650 quicarcere

269 2656 517 2759 attinebantur,
541 2671 685 2743 accusati
714 2668 879 2744 societatis
907 2696 988 2744 cum
1012 2669 1147 2768 Sejano,
1176 2697 1239 2745 ne·

269 2786 341 2861 cari
356 2786 467 2885 jubet.
504 2787 620 2883 Jacuit
638 2788 804 2861 immensa
818 2789 943 2885 strages
960 2817 969 2860 :
993 2790 1106 2863 omnis
1122 2790 1237 2882 sexus,

270 2904 384 2979 omnis
420 2923 526 2978 aetas:
559 2906 729 2996 inlustres,
766 2908 937 3005 ignobiles
950 2906 963 2980 ε’
999 2906 1148 3004 dispersi,
1179 2930 1240 2983 aut

269 3022 450 3121 aggerati:
480 3048 594 3121 neque
611 3025 826 3123 propinquis,
850 3046 910 3099 aut
934 3026 1054 3099 amicis
1070 3027 1238 3119 adfistere,

269 3141 497 3232 inlacrimare,
529 3168 573 3215 ne
601 3142 707 3216 visere
739 3143 883 3241 quidem
911 3144 1040 3217 diutius
1067 3145 1238 3232 dabatur3

267 3258 327 3333 sed
344 3258 554 3357 circumjesti
572 3261 743 3352 custodes,
776 3261 859 3334 &in
876 3288 1059 3337 maetotem
1076 3261 1241 3360 cujusque

268 3378 403 3469 intenti,
431 3404 577 3477 corpora
593 3378 780 3477 putrefasla
795 3378 1069 3471 adsestabantur,
1095 3384 1182 3459 dum
1203 3384 1241 3457 in

267 3498 427 3573 Tiberim
452 3500 687 3573 traherentur:
716 3497 779 3572 ubi
795 3497 976 3590 fluitantia,
1005 3522 1064 3573 aut
1081 3501 1161 3597 ripis
1177 3504 1239 3576 ad-

270 3615 378 3711 pulsa,
413 3642 486 3690 non
520 3642 672 3691 cremate
700 3616 896 3716 quisquam,
925 3643 997 3691 non
1024 3619 1239 3719 contingere.

270 3734 489 3807 Interciderat
517 3734 614 3810 sortis
641 3740 803 3809 humanae
832 3736 1084 3810 commercium
1105 3742 1142 3813 vi
1165 3766 1239 3813 me-

185 3876 188 3882 ·
271 3852 352 3937 tbs;
377 3856 619 3953 quantr'rmque
642 3854 769 3929 saesitia
795 3854 963 3954 glisceret,
994 3855 1163 3932 miseratio
1186 3885 1239 3931 ar-

271 3970 423 4047 cebatur.

744 4094 783 4205 u
