3259 5284
494 593 799 662 Auuanrum
833 589 946 662 Lra.
980 583 1025 662 11.
1189 612 1234 686 93

263 786 344 859 quae
378 761 553 858 posterum
589 761 684 834 diem
728 787 804 834 reus
839 759 985 858 petivit;
1019 761 1237 854 domumque

263 879 447 978 digressus,
466 905 636 955 extremas
653 905 770 978 preces
794 883 835 953 P.
861 880 1020 978 Qirinio
1042 878 1239 976 propinquo

265 997 326 1070 suo
341 1001 385 1072 ad
401 1000 599 1097 Principem
615 1000 819 1074 mandavit:
850 997 1049 1096 responsum
1067 997 1127 1086 est,
1159 1003 1238 1069 “ut

265 1119 464 1193 “senatum
493 1122 666 1218 rogaret.'’

320 1243 459 1312 XXXI.
496 1241 760 1314 Cruornnrun
790 1238 929 1312 interim
955 1238 1063 1311 milite
1084 1237 1236 1322 domus;

266 1357 462 1455 strepebant
479 1359 584 1432 etiam
598 1359 634 1431 in
649 1359 833 1448 veffibulo,
862 1377 901 1431 ut
928 1358 1048 1448 audiri,
1073 1377 1112 1428 ut
1135 1353 1239 1452 aspici

266 1479 424 1574 possent:
451 1479 533 1550 cum
549 1477 659 1568 Libo,
678 1475 770 1574 ips1s,
789 1503 874 1576 quas
892 1478 926 1549 in
944 1477 1160 1549 novissimam
1173 1499 1236 1546 vo·

266 1597 436 1693 luptatem
464 1597 680 1687 adhibuerat,
710 1599 821 1694 epulis
854 1595 1079 1684 excruciatus
1108 1618 1237 1666 vocare

265 1717 506 1811 percussorem,
537 1715 692 1813 prensare
717 1715 895 1790 servorum
912 1717 1063 1804 dextras,
1095 1711 1238 1787 inserere

266 1834 447 1932 gladium:
479 1857 583 1932 atque
605 1835 684 1925 illis,
717 1837 804 1908 dum
822 1833 1010 1932 trepidant,
1040 1835 1126 1908 dum
1145 1832 1200 1906 ref
1222 1879 1237 1893 -

266 1952 380 2051 giunt,
407 1954 638 2028 evertentibus
658 1955 853 2050 adposrtum
881 1955 999 2026 mensal
1026 1953 1157 2042 lumen,
1186 1952 1236 2026 se-

263 2073 389 2146 ralibus
411 2072 487 2171 jam
510 2073 570 2146 srbi
587 2073 749 2162 tenebris,
766 2073 855 2145 duos
873 2072 959 2144 istus
977 2072 1013 2143 in
1031 2069 1159 2144 viscera
1183 2073 1236 2145 di·

263 2192 363 2264 rexit.
413 2193 472 2264 Ad
499 2193 669 2290 gemitum
703 2191 932 2281 conlabentis,
968 2191 1151 2264 adcurrdre
1195 2191 1236 2264 li·

264 2311 366 2400 berti,
397 2315 431 2383 δε
459 2312 553 2384 caede
581 2310 653 2384 visa
675 2311 773 2384 miles
790 2309 929 2383 abstitit.
981 2309 1164 2385 Accusatio
1184 2333 1236 2386 ta-

264 2455 347 2502 men
363 2430 456 2526 apud
474 2451 585 2527 patres
601 2429 852 2504 adseveratione
869 2431 991 2504 eadem
1009 2433 1156 2528 perasla,
1178 2429 1193 2529 j
1222 2477 1237 2491 -

265 2549 422 2647 ravitque
449 2549 622 2639 Tiberius,
655 2558 683 2593 “
697 2550 884 2646 petiturum
908 2549 941 2622 se
963 2549 1085 2640 vitam,
1114 2579 1237 2648 quam-

266 2675 295 2710 “
312 2668 364 2740 vis
381 2669 534 2758 nocenti,
564 2669 625 2742 nifi
653 2669 885 2742 voluntariam
902 2691 1050 2740 mortem
1069 2696 1232 2768 propera-

267 2793 295 2830 “
312 2787 446 2860 visset.''

323 2887 480 2980 XXXlI.
517 2911 628 2982 Boua
656 2909 746 2981 inter
774 2906 986 2982 accusatores
1009 2907 1235 2982 dividuntur:

265 3027 299 3096 dc
316 3046 469 3120 praturae
486 3046 583 3100 extra
599 3027 760 3100 ordinem
785 3029 874 3100 datae
904 3027 969 3116 his,
996 3026 1056 3124 qui
1080 3026 1238 3102 senatorii

263 3143 391 3216 ordinis
424 3166 529 3217 erant.
590 3149 694 3220 Tunc
727 3147 832 3220 Cotta
868 3147 1083 3236 Messalinus,
1139 3155 1166 3189 “
1193 3173 1238 3222 ne

266 3269 295 3304 “
312 3263 432 3361 imago
448 3265 596 3338 Libonis
612 3265 789 3364 exsequias
814 3266 1030 3364 posterorum
1057 3266 1236 3340 comitare-

265 3388 293 3423 “
310 3384 412 3472 tur,''.
445 3384 595 3458 censuit:
631 3387 697 3458 Cn.
725 3389 911 3477 Lentulus,
939 3394 966 3428 “
979 3413 1024 3460 ne
1048 3385 1124 3484 quis
1147 3387 1237 3460 Scri-

265 3507 295 3542 “
312 3500 437 3575 bonius
452 3500 728 3601 cognomentum
739 3507 842 3580 Drusr
856 3506 1047 3580 adsumeret
1057 3508 1094 3577 :''
1117 3513 1144 3548 “
1158 3506 1236 3605 sup-

145 3705 149 3712 ·
264 3627 292 3662 “
311 3620 537 3716 plicationum
561 3624 675 3714 dies,''
701 3625 889 3722 Pomponii
917 3625 1033 3700 Flacci
1059 3624 1236 3720 sententis,

262 3741 456 3814 constituti:
500 3751 578 3816 “ut
601 3745 694 3817 dona
729 3744 826 3840 Jovi,
852 3745 975 3835 Marti,
1016 3745 1236 3838 Concordiae,

263 3867 292 3902 ‘⁴
309 3881 417 3957 utque
438 3863 568 3934 Iduum
585 3862 840 3959 Septembrium
863 3863 950 3956 dies,
981 3891 1053 3962 quo
1078 3865 1111 3938 se
1138 3867 1235 3940 Libo

264 3983 292 4020 “
309 3977 535 4072 interfecerat,
562 3981 634 4055 dies
658 3981 763 4057 festus
788 3985 1011 4077 haberetur,’'
1047 3987 1093 4059 L.
1116 3987 1157 4058 P.
1201 3991 1236 4060 δι
