3259 5284
361 617 410 706 84
553 612 595 685 C.
628 613 1147 688 ConuaruTncrrt

361 807 444 882 pore
460 782 652 858 adfuturus.
694 787 830 858 Interea
847 784 1117 882 pulcherrimum
1135 783 1336 882 augurium,

360 905 441 976 ouo
457 903 586 1000 aquilae
611 926 726 1000 petere
755 906 868 994 silvas,
904 904 1079 977 &intrare
1097 901 1189 992 visae,
1222 903 1334 1001 impe·

360 1042 506 1096 ratorem
532 1023 726 1096 advertere:
757 1026 944 1112 exclamat,
979 1030 1006 1066 “
1021 1026 1126 1112 Irent,
1155 1021 1334 1118 sequeren-

361 1147 391 1185 “
404 1162 458 1214 tur
474 1145 652 1214 Romanas
668 1167 763 1231 aves,
790 1142 929 1239 propria
953 1141 1132 1240 legionum
1155 1141 1336 1214 numina.”

360 1260 470 1332 Simul
488 1259 651 1356 pedestris
667 1261 756 1334 acies
772 1260 931 1347 infertum
956 1267 989 1335 δι
1008 1260 1195 1358 praemillus
1212 1285 1333 1357 eques,

360 1378 552 1474 postremos
580 1404 620 1451 ac
649 1381 753 1452 latera
779 1380 930 1477 impulit.
989 1381 1197 1477 Mirumque
1222 1379 1333 1469 dictu,

358 1500 430 1571 duo
463 1497 613 1570 hostium
646 1499 785 1598 agmina
817 1499 952 1573 diversa
984 1499 1080 1598 fugi,
1121 1497 1182 1598 qui
1215 1500 1334 1572 silvam

359 1634 554 1706 tenuerant,
588 1616 778 1714 inaperta,
810 1618 872 1716 qui
896 1618 1027 1716 campis
1052 1617 1262 1707 adstiterant,
1296 1617 1332 1690 in

269 1754 273 1761 ’
358 1738 480 1811 filvam
504 1737 669 1808 ruebant:
697 1735 805 1809 medii
829 1736 917 1808 inter
943 1739 1006 1809 hos
1030 1735 1205 1826 Cherusci,
1235 1735 1332 1810 colli-

358 1859 423 1930 bus
440 1855 737 1928 detrudebantur:
773 1855 864 1928 inter
881 1882 968 1952 quos
991 1855 1130 1953 insignis
1155 1855 1334 1929 Arminius

357 2000 479 2063 manu,
505 1997 604 2064 voce,
639 1975 797 2064 vulnere,
831 1972 1038 2048 sustentabat
1063 2001 1243 2073 pugnam:
1275 1974 1328 2046 ih-

357 2096 593 2190 cubueratque
620 2091 809 2190 sagittariis,
843 2093 902 2164 illa
935 2113 1110 2189 rupturus,
1145 2095 1181 2166 ni
1212 2099 1332 2169 Raeto·

354 2236 435 2284 rum
457 2210 803 2307 Vindelicorumque,
835 2216 868 2282 ὅτ
893 2210 1037 2284 Gallicae
1059 2215 1215 2286 cohortes
1239 2216 1335 2311 srgna

356 2329 580 2428 objecissent:
615 2328 689 2402 nisu
705 2349 823 2402 tamen
841 2329 1007 2426 corporis,
1037 2333 1070 2402 dc
1095 2330 1229 2428 impetu
1251 2331 1333 2430 equi

357 2454 514 2548 pervasit,
544 2449 672 2522 oblitus
698 2447 823 2522 faciem
851 2446 910 2521 suo
939 2473 1071 2539 cruore,
1107 2474 1149 2522 ne
1177 2449 1331 2524 noscere·

355 2590 433 2641 tur:
467 2569 612 2666 quidam
644 2567 845 2664 “agnitum
872 2593 892 2640 a
917 2567 1066 2641 Chaucis
1094 2567 1180 2641 inter
1205 2569 1333 2644 auxilia

358 2694 564 2764 “Romana
594 2687 790 2786 agentibus,
818 2673 1073 2784 emillumque’'
1104 2688 1330 2761 tradiderunt.

354 2809 485 2900 Virtus,
519 2808 576 2881 seu
609 2806 702 2880 fraus
733 2807 871 2896 eadem,
905 2805 1128 2903 Inguiomero
1161 2807 1330 2905 effugium

354 2929 474 3002 dedit:
502 2927 604 3001 ceteri
632 2928 750 3024 passim
772 2924 944 2998 trucidati.
996 2927 1042 2998 Et
1067 2925 1244 3024 plerosque
1264 2945 1330 2999 tra-

355 3073 436 3121 nare
453 3045 629 3143 Visurgim
654 3065 832 3135 conantes,
866 3043 988 3141 injedla
1011 3045 1079 3116 tela
1101 3063 1159 3116 aut
1186 3045 1238 3118 vis
1264 3049 1331 3118 flu-

355 3166 472 3256 minis,
507 3165 681 3262 postremo
713 3165 825 3235 moles
855 3162 1043 3250 ruentium,
1077 3166 1111 3234 δι
1143 3162 1332 3238 incidentes

354 3287 454 3381 ripae,
480 3285 657 3380 operuere.
706 3281 862 3378 Qidam
895 3280 990 3377 turpi
1022 3281 1106 3380 fugla
1133 3283 1169 3354 in
1197 3282 1333 3356 summa

353 3406 515 3477 arborum
550 3401 624 3489 nisi,
655 3397 826 3495 ramisque
859 3399 891 3472 se
919 3402 1146 3492 occultantes,
1181 3403 1331 3475 admotis

353 3519 533 3620 sagittariis
560 3543 620 3617 per
649 3517 839 3591 ludibrium
873 3519 1093 3617 figebantur:
1130 3521 1214 3594 alios
1250 3548 1331 3620 pro-

354 3661 441 3714 rurae
462 3643 601 3713 arbores
622 3637 802 3712 adflixere.
852 3637 989 3736 Magna
1014 3665 1054 3712 ea
1082 3639 1239 3730 vidoria,
1270 3667 1330 3714 ne-

354 3786 424 3857 que
440 3779 583 3832 cruenta
600 3759 700 3830 nobis
716 3757 793 3830 fuit.

403 3880 536 3952 XVIII.
567 3882 736 3975 Quum
758 3883 804 3953 ab
826 3881 910 3952 horel
931 3879 1000 3952 diei
1026 3882 1071 3953 ad
1092 3881 1230 3952 nostem
1256 3884 1329 3952 caesr

354 4000 482 4091 hostes,
514 3999 638 4071 decem
663 3993 772 4072 millia
795 4001 955 4098 pafl'uum
977 3999 1203 4074 cadaveribus
1225 4020 1330 4096 atque
