3259 5284
361 619 408 716 36
554 616 596 690 C.
625 615 893 690 Connnrrr
927 616 1133 691 Tacrrr

362 798 391 834 “
403 791 533 868 sonus?
561 794 659 892 quod
676 813 750 868 tam
761 792 877 868 triste?
902 790 1047 867 feminas
1068 791 1240 883 inlustres,
1265 807 1335 868 non

361 915 643 988 “centurionem
674 915 720 988 ad
752 915 913 1004 tutelam,
949 937 1022 986 non
1054 913 1217 1004 militem,
1250 912 1337 986 nihil

361 1037 390 1076 “
404 1033 637 1132 imperatoria
661 1033 796 1126 uxoris,
830 1051 890 1107 aut
914 1032 1098 1107 comitatos
1118 1032 1221 1124 soliti,
1257 1057 1335 1130 per-

362 1160 489 1252 “gere
513 1156 559 1227 ad
581 1155 771 1245 Treveros,
806 1157 841 1227 δι
866 1175 1017 1228 externa
1048 1151 1168 1226 fidei.’'
1215 1153 1338 1226 Pudor

360 1271 685 1363 inde&miserati0,
712 1274 750 1345 δι
772 1273 878 1371 patris
891 1272 1075 1372 Agrippa,
1106 1272 1258 1371 Augusti
1279 1271 1336 1346 avi

361 1393 544 1482 memoria,
568 1390 664 1466 socer
686 1391 837 1479 Drusus;
871 1391 944 1489 ipsa
965 1391 1088 1490 infigni
1110 1390 1334 1483 fecunditate,

359 1513 525 1609 praeclarlt
550 1512 732 1609 pudicitia:
752 1511 828 1610 jam
851 1511 962 1586 infans
984 1513 1021 1585 in
1044 1511 1159 1586 castris
1184 1512 1333 1610 genitus,

358 1629 397 1702 in
420 1633 651 1705 contubernio
672 1631 855 1730 legionum
880 1633 1037 1722 adultus,
1066 1656 1172 1730 quem
1197 1629 1336 1704 militari

359 1752 535 1824 vocabulo
561 1751 733 1848 Caligulam
756 1751 991 1849 appellabant,
1022 1750 1104 1848 quia
1128 1735 1335 1848 pleramque

231 1957 237 1966 ἱ
358 1871 404 1942 ad
434 1869 649 1944 concilianda
679 1871 779 1969 vulgi
806 1871 919 1944 studia
947 1895 990 1944 eo
1019 1868 1175 1968 tegmine
1204 1871 1335 1966 pedum

359 1986 581 2062 induebatur.
629 1989 697 2062 Sed
713 1990 800 2062 nihil
821 1990 920 2087 aeque
942 1989 1052 2080 flexit,
1079 1992 1186 2088 quarn
1204 1988 1336 2062 invidia

359 2104 397 2180 in
420 2107 614 2182 Treveros:
649 2129 761 2198 orant,
792 2109 973 2199 obsrstunt,
1003 2116 1030 2152 “
1043 2107 1184 2198 rediret,
1215 2132 1333 2182 mane-

361 2233 391 2270 “
404 2229 501 2300 ret”:
529 2253 606 2325 pars
631 2227 841 2324 Agrippinae
863 2226 1089 2317 occursantes,
1125 2227 1266 2324 plurimi
1289 2225 1334 2300 ad

359 2345 610 2418 Germanicum
625 2347 780 2442 regreffi:
806 2343 903 2442 isque
918 2365 957 2419 ut
981 2365 1052 2419 erat
1073 2370 1191 2419 recens
1213 2347 1335 2418 dolore

359 2464 468 2553 &ira
493 2464 586 2560 apud
598 2462 822 2537 circumfusos
834 2463 881 2538 ita
890 2465 1009 2563 coepit.

406 2581 527 2655 XLII.
554 2588 583 2624 “
596 2584 689 2654 Nor
712 2608 808 2659 Mun
832 2611 936 2675 uxor,
959 2604 1018 2658 aut
1045 2583 1151 2673 filius,
1175 2605 1273 2682 patre
1299 2589 1333 2659 δι

360 2700 580 2797 “republica
606 2701 750 2776 cariores
774 2701 871 2776 sunt:
900 2703 958 2776 sed
983 2703 1083 2777 illum
1106 2704 1251 2802 quidem
1275 2703 1335 2778 sua

359 2827 389 2865 “
403 2819 570 2919 majestas,
598 2820 785 2919 imperium
807 2825 1012 2897 Romanum
1038 2823 1139 2898 ceteri
1165 2823 1335 2899 exercitus

358 2947 388 2985 “
402 2939 610 3014 defendent:
647 2940 847 3040 conjugem,
886 2945 919 3016 δε
949 2940 1073 3016 liberos
1102 2956 1334 3050 meos,'‘quos

359 3062 466 3157 “pro
500 3059 621 3156 gloria
637 3059 745 3133 vestra
772 3060 884 3135 libens
912 3063 958 3135 ad
986 3061 1135 3135 exitium
1160 3063 1333 3153 offerrem,
1369 3125 1372 3132 .

358 3185 387 3222 “
401 3205 494 3252 nunc
511 3180 633 3275 procul
650 3177 885 3254 a‘furentibus
903 3178 1117 3255 submoveo:
1145 3201 1199 3272 ut,
1233 3182 1335 3280 quid·

358 3305 387 3342 “
402 3299 490 3395 quid
517 3297 602 3370 istuc
629 3295 760 3371 sceleris
788 3299 962 3390 imminet,
993 3325 1073 3374 meo
1098 3301 1234 3374 tantiam
1260 3300 1334 3375 san·

356 3423 386 3460 “
401 3416 508 3514 guine
525 3417 663 3517 pietur;
690 3442 780 3491 neve
805 3417 936 3492 occisus
966 3421 1115 3519 Augusti
1144 3446 1332 3520 pronepos,

358 3542 388 3579 “
402 3534 580 3608 interfecta
594 3535 731 3608 Tiberii
755 3563 875 3628 nurus,
900 3539 1115 3616 nocentiores
1133 3565 1197 3613 vos
1222 3539 1335 3616 faciat.

358 3661 388 3698 “
401 3655 500 3753 Qid
517 3656 611 3729 enim
629 3681 689 3753 per
705 3657 768 3730 hos
784 3657 859 3732 dies
878 3657 1049 3750 inausum,
1077 3659 1334 3734 intemeratum-

357 3781 387 3817 “
401 3800 445 3848 ve
476 3775 602 3848 vobis?
655 3779 752 3873 quod
790 3803 920 3852 nomen
957 3778 1040 3853 huic
1073 3778 1181 3851 coetui
1213 3781 1334 3853 dabo?

356 3900 385 3937 “
398 3895 555 3988 militesne
578 3898 780 3994 appellem?
807 3897 869 3996 qui
890 3897 1002 3970 filium
1024 3897 1238 3996 imperatoris
1262 3897 1336 3972 ves·

357 4019 387 4057 “
399 4012 456 4105 tri,
485 4015 580 4089 vallo
609 4018 643 4088 δι
670 4017 773 4090 armis
801 4016 1072 4124 cireunrsediltis.
1134 4023 1194 4092 An
1223 4021 1336 4092 cives?
