3259 5284
444 575 747 644 nnuman
778 532 976 641 Lrnlll.
1175 570 1239 664 187

275 760 342 830 tor,
360 741 531 814 Brutidius
548 741 661 839 Niger
682 739 803 829 aedilis,
827 740 926 813 simul
954 735 1156 834 corripiunt,
1177 734 1243 813 ob-

269 858 473 959 jestantque
507 868 534 904 “
550 861 717 933 violatum
754 858 905 957 Augusti
929 882 1073 946 numen,
1100 855 1245 953 spretam
1316 862 1320 875 '

278 980 457 1054 “Tiberii
490 979 736 1079 majestatem.”
784 983 984 1053 Mamercus
1013 978 1155 1073 antiqua
1183 1002 1244 1051 ex·

274 1104 391 1197 cmpla
411 1098 557 1197 jaciens,
583 1107 611 1142 “
629 1102 675 1171 L.
691 1100 831 1171 Cottam
850 1124 870 1169 a
886 1097 1045 1193 Scipione
1063 1096 1241 1187 Africano,

275 1227 304 1263 “
320 1222 389 1293 Ser.
406 1220 557 1292 Galbam
581 1244 602 1290 a
624 1221 757 1321 Catone
773 1216 940 1305 censorio,
964 1218 1005 1289 Ρ.
1026 1216 1198 1290 Rutilium
1222 1244 1244 1292 a

274 1345 304 1382 “
320 1342 377 1412 Μ.
395 1342 526 1412 Scauro
541 1336 752 1409 accusatos.”
787 1336 954 1408 Videlicet
972 1334 1086 1433 Scipio
1103 1340 1136 1408 sa
1153 1337 1243 1411 Cato

270 1458 352 1533 talia
377 1456 648 1542 ulciscebantur3
673 1475 733 1529 aut
752 1456 809 1528 ille
827 1458 990 1560 Scaurus,
1012 1478 1118 1551 quem
1142 1480 1242 1551 proa-

272 1604 360 1650 vum
375 1576 489 1666 suum,
507 1575 737 1672 opprobrium
756 1572 925 1671 majorum
949 1575 1165 1663 Mamercus,
1188 1574 1241 1647 in-

273 1694 358 1767 fami
374 1700 479 1791 operd
495 1694 750 1767 dehonestabat.
788 1691 896 1786 Junio
909 1692 1041 1764 Othoni
1057 1692 1242 1767 literarium

273 1815 397 1886 ludum
424 1838 583 1885 exercere
611 1830 711 1883 vetus
739 1837 791 1883 ars
812 1808 901 1883 fuit:
932 1836 1021 1883 mox
1046 1811 1155 1909 Sejani
1178 1838 1241 1909 po-

273 1933 387 2007 tentia·
410 1933 558 2019 senator,
581 1929 725 2005 obscura
749 1929 845 2002 initia
873 1929 1131 2027 impudentibus
1156 1936 1242 2005 ausis

274 2052 499 2149 propellebat.
529 2050 723 2123 Brutidium
739 2049 869 2122 artibus
885 2048 1032 2123 honestis
1047 2049 1239 2147 copiosum,

273 2177 323 2261 br,
353 2175 376 2244 sr
405 2173 537 2243 redum
553 2168 618 2241 iter
634 2189 805 2265 pergeret,
829 2169 872 2241 ad
892 2168 1069 2243 clarissima
1093 2196 1242 2268 quaeque

270 2290 411 2380 iturum,
424 2287 594 2362 festinatio
612 2288 867 2375 exstimulabat,
885 2288 972 2360 dum
983 2290 1146 2386 aquales,
1159 2289 1239 2363 dein

270 2407 469 2505 superiores,
501 2406 677 2504 postremb
703 2406 846 2481 suasmet
862 2404 930 2503 ipse
946 2406 1019 2504 spes
1036 2410 1163 2483 anteire
1179 2436 1239 2509 pa·

269 2548 344 2601 rat:
369 2530 466 2625 quod
483 2528 610 2600 multos
627 2526 730 2600 etiarn
748 2528 860 2600 bonos
883 2528 1015 2622 peffurn
1035 2528 1144 2617 dedit,
1164 2530 1238 2627 qui,

270 2645 389 2743 spretis
410 2674 489 2744 quae
518 2649 615 2720 tarda
634 2672 717 2721 cum
741 2644 935 2735 securitate,
959 2668 1164 2742 praematura
1182 2652 1239 2721 vel

271 2792 354 2838 cum
379 2766 485 2839 exitio
509 2786 705 2863 properant.

318 2886 470 2959 LXVII.
493 2892 662 2958 Aurana
688 2910 873 2959 numerum
899 2882 1136 2957 accusatorum
1155 2888 1238 2959 Gel-

270 3006 335 3079 lius
350 3007 529 3103 Poplicola
546 3009 578 3075 δι
594 3008 649 3078 bl.
665 3004 855 3077 Paconius:
881 3004 938 3075 ille
955 3003 1102 3101 quaestor
1118 3004 1236 3095 Silani,

268 3124 326 3199 bic
339 3128 481 3224 legatus.
530 3126 609 3197 Nec
620 3125 769 3198 dubium
786 3126 990 3213 habebatur,
1008 3122 1143 3197 saeviriae
1155 3148 1237 3221 cap-

266 3263 453 3342 tarumque
472 3244 695 3341 pecuniarum
733 3243 842 3316 teneri
881 3269 1002 3317 reum:
1036 3241 1094 3316 sed
1127 3247 1238 3319 multa

265 3366 520 3463 adgerebantur
547 3363 651 3437 etiam
676 3362 865 3437 insontibus
893 3362 1101 3460 periculosa3
1138 3366 1235 3457 curn,

265 3482 366 3580 super
388 3506 440 3557 tot
466 3482 636 3557 senatores
658 3481 832 3571 adversos,
856 3482 1100 3555 sacundillimis
1131 3478 1237 3557 totius

266 3605 370 3691 nfiae,
393 3604 506 3699 eoque
531 3604 576 3675 ad
591 3601 821 3676 accusandum
839 3602 991 3691 deleclis,
1018 3602 1237 3699 responderet

265 3718 371 3809 solus,
397 3727 430 3793 ὅτ
453 3722 574 3794 orandi
587 3720 731 3811 nescius,
749 3721 891 3819 proprio
903 3721 938 3793 in
956 3741 1065 3812 metu,
1090 3725 1150 3822 qui
1175 3750 1236 3798 ex-

265 3840 405 3919 ercitam
422 3866 565 3938 quoque
585 3842 821 3938 eloquentiam
845 3841 1027 3915 debilitat:
1054 3868 1125 3915 non
1148 3864 1235 3916 tem-

264 3980 403 4061 perante
419 3958 576 4050 Tiberio,
605 3962 689 4062 quin
719 3981 890 4059 premeret
917 3988 1019 4051 voce,
1051 3964 1165 4051 vultu,
1194 3962 1235 4035 ed
