3259 5284
372 659 399 745 ll

378 844 414 913 δι
442 859 524 914 cum
550 833 649 914 editis
672 835 850 914 contulere
872 834 1013 914 Curtius
1036 836 1246 918 Pichena&
1275 840 1351 943 Jac.

376 958 593 1050 Gronovius,
621 959 675 1032 vir
697 960 732 1033 in
758 960 853 1035 libris
869 959 997 1058 scriptis
1012 960 1111 1034 tritus
1131 965 1348 1040 admodum:

378 1101 529 1174 quorum
566 1079 744 1178 diligentia
785 1105 857 1153 non
890 1105 1016 1178 parum
1051 1080 1177 1154 Tacito
1210 1084 1352 1179 profuit.

376 1198 489 1270 Hunc
506 1198 674 1272 Codicem
701 1199 963 1272 vetustissimum
989 1201 1057 1272 effe
1072 1199 1228 1274 constat:
1257 1221 1349 1276 cete-

373 1341 454 1391 rum
472 1317 535 1391 viri
547 1318 655 1410 docti,
682 1321 742 1417 qui
759 1345 840 1394 eum
855 1323 1057 1411 tractarunt,
1075 1322 1274 1411 Beroaldus,
1290 1322 1349 1394 Pi-

374 1437 497 1528 chena,
522 1457 660 1511 tantum
675 1437 832 1512 universe
845 1438 917 1537 ejus
940 1439 1179 1536 antiquitatem
1194 1464 1350 1513 comme·

373 1581 566 1646 moravere,
591 1583 672 1630 cum
689 1559 734 1631 de
749 1559 885 1631 alterius
902 1577 1003 1631 aetate
1019 1563 1053 1632 δι
1069 1542 1233 1656 scriptura
1248 1558 1350 1632 multi

374 1673 552 1748 dixerint:
587 1678 681 1749 unde
708 1676 841 1750 facturn
868 1677 1020 1769 videtur,
1056 1699 1095 1751 ut
1124 1680 1169 1752 de
1201 1697 1349 1776 utroque

374 1793 507 1868 Codice
533 1794 704 1886 nonnulli,
731 1814 901 1892 tanquam
929 1797 975 1868 de
1001 1821 1087 1886 uno,
1113 1798 1348 1894 loquerentur,

372 1915 468 1988 velut
497 1912 567 2010 ipse
597 1917 686 1989 Abr.
713 1915 930 2004 Gronovius,
955 1918 1000 1988 V.
1018 1919 1061 1989 C.
1087 1917 1125 1990 in
1153 1915 1351 2013 praefatione

372 2031 533 2106 editionis
545 2035 666 2131 Lugd.
683 2037 755 2106 Bac.
770 2059 801 2107 a.
828 2057 930 2131 1721.
955 2039 1198 2133 promulgatae,
1216 2035 1273 2109 cui
1288 2061 1349 2130 pa·

374 2150 479 2226 centis
506 2171 604 2225 notas
631 2153 764 2227 addidit
776 2181 788 2238 ;
818 2179 902 2226 cum
922 2153 1096 2226 diversum
1121 2157 1214 2228 hune
1240 2154 1350 2227 Codi-

374 2294 453 2346 cem
469 2272 535 2344 effe
551 2273 596 2344 ab
612 2272 732 2360 altero,
758 2273 802 2344 de
819 2297 891 2368 quo
906 2296 1007 2362 mox,
1037 2291 1168 2346 certum
1186 2276 1236 2345 fit.
1277 2271 1350 2344 vid.

373 2389 581 2464 Montesalc.
608 2390 697 2462 Bibl.
714 2391 817 2464 MSS.
846 2417 881 2486 p.
900 2413 981 2487 374.
1030 2392 1139 2490 Qrod
1164 2394 1188 2463 sr
1212 2391 1350 2484 Jacobo

373 2509 581 2608 contigisset,
606 2527 646 2581 ut
669 2507 737 2605 ipse
758 2509 840 2582 huic
856 2508 998 2582 editioni
1020 2509 1231 2605 praefarctur,
1255 2511 1351 2581 haud

373 2629 481 2703 dubie
497 2627 744 2702 accuratiorem
765 2625 837 2724 ejus
853 2626 992 2700 Codicis
1009 2625 1273 2724 descriptionem
1289 2630 1350 2702 ha·

356 2751 544 2823 'beremua
578 2747 650 2820 vid.
677 2747 722 2820 de
738 2748 805 2820 hoc
829 2746 963 2820 Codice
979 2745 1085 2820 etiam
1112 2749 1350 2820 Monumenta
1479 2751 1482 2767 '

375 2869 523 2943 Paderb.
554 2893 589 2966 p.
608 2890 665 2965 71.
691 2889 748 2964 72.
799 2867 901 2940 Alter
927 2866 1144 2940 Florentinus
1168 2866 1267 2955 liber,
1295 2867 1353 2940 Pi·

376 2991 495 3062 chenae
507 2984 654 3084 judicio,
679 3012 709 3059 a.
727 2986 770 3058 C.
789 3009 951 3058 cccxcv.
975 2985 1116 3082 scriptus
1138 2986 1199 3058 est.
1231 2991 1351 3083 Quem

373 3108 497 3182 erroris
514 3104 666 3202 coarguit
681 3102 848 3200 scriptura
863 3101 957 3192 libri,
983 3127 1063 3200 quae
1081 3105 1352 3201 Langobardica

375 3226 447 3300 est:
473 3225 566 3297 unde
595 3241 700 3319 patet,
728 3247 811 3294 eum
838 3239 996 3316 tempore
1023 3221 1285 3318 Langobardici
1314 3223 1350 3294 in

374 3344 474 3419 Italia
490 3341 636 3439 imperii,
664 3359 724 3414 aut
747 3338 906 3438 proxime
930 3338 1051 3413 secutis
1066 3338 1198 3430 seculis,
1223 3339 1353 3437 quibus
1485 3438 1488 3449 Ι

374 3463 538 3559 scriptura
554 3458 823 3558 Langobardica
833 3459 948 3532 adhuc
961 3455 1196 3555 usurpabatur,
1213 3457 1354 3532 decimo

373 3582 607 3658 undecimove
624 3579 750 3667 seculo,
782 3581 883 3673 (nam
901 3576 1023 3652 certior
1039 3577 1204 3674 temporis
1226 3577 1263 3650 in
1285 3581 1354 3652 hoc

378 3727 503 3801 genere
520 3698 677 3774 definitio
703 3698 771 3769 else
786 3722 858 3769 non
883 3696 1013 3792 potest)
1042 3721 1062 3770 e
1083 3718 1200 3770 vetere
1221 3698 1354 3771 Codice

376 3821 586 3916 descriptum
615 3818 692 3892 effe.
747 3817 845 3888 Nam
874 3815 972 3912 quod
1000 3813 1284 3912 subscriptionem
1311 3815 1350 3888 in

378 3943 474 4016 calce
500 3942 590 4012 hanc
609 3939 738 4009 habet:
773 3934 842 4030 Ego
857 3935 1016 4029 Salonius
1037 3936 1100 4030 legi
1131 3938 1171 4008 &i
1192 3938 1356 4010 emendavi

377 4061 483 4136 Romae
492 4059 603 4152 foelr'x,
630 4055 751 4130 olibrio
774 4053 814 4126 tr
838 4052 971 4126 Probino
991 4053 1064 4148 Coffi
1083 4057 1116 4126 in
1131 4057 1205 4150 foro
1227 4055 1354 4130 Martis
