3259 5284
366 599 438 665 214
584 576 1163 651 ecoranrcrrr

363 748 454 840 sunt,
473 750 562 822 dum
590 748 752 823 videntur
776 749 908 823 exsolvi
942 751 1061 849 polle:
1086 748 1146 825 ubi
1183 748 1336 823 multum

362 872 585 960 antevenere,
612 895 674 967 pro
700 869 809 967 gratid
832 868 956 943 odium
981 868 1151 943 redditur.

408 990 511 1063 xlx.
537 992 652 1063 Ennr
685 1015 777 1063 uxor
806 988 890 1062 Silio
920 990 1010 1063 sota
1049 989 1165 1077 Galla,
1200 984 1337 1061 caritate

362 1108 572 1207 Agrippina
595 1107 703 1183 invisa
723 1108 890 1206 Principi.
952 1110 1034 1183 Hos
1060 1106 1202 1205 corripi,
1227 1104 1338 1179 dilato

360 1227 407 1299 ad
424 1246 562 1324 tempus
579 1228 720 1319 Sabino,
741 1228 933 1325 placitum:
961 1225 1201 1324 immissusque
1231 1227 1340 1299 Varro

361 1343 493 1435 consul,
534 1345 595 1442 qui
633 1352 830 1444 “paternas
869 1347 1091 1421 inimicitias’'
1127 1344 1335 1434 obtendens,

358 1465 449 1539 odiis
465 1462 575 1563 Sejani
591 1490 651 1561 per
667 1466 819 1540 dedecus
837 1458 937 1540 suum
956 1466 1224 1565 gratificabatur.
1249 1464 1333 1535 Pre·

360 1604 462 1657 cante
478 1610 552 1675 reo,
580 1587 767 1659 “brevem
783 1612 933 1675 moram,
956 1588 1042 1659 dum
1060 1581 1237 1657 accusator
1250 1606 1335 1655 con·

362 1708 391 1747 ‘⁴
406 1702 517 1776 sulatu
534 1703 683 1792 abiret,’'
706 1701 901 1777 adversatus
927 1704 976 1777 est
993 1701 1128 1777 Caesar:
1156 1700 1335 1775 “solitum

361 1828 389 1865 “
408 1821 542 1919 quippe
585 1822 853 1920 magistratibus,
886 1822 982 1897 diem
1018 1822 1160 1919 privatis
1195 1821 1332 1895 diceret

359 1946 388 2001 -“
406 1966 471 2013 nec
508 1937 770 2039 infringendum
797 1940 946 2015 consulis
967 1940 1040 2039 jus,
1075 1939 1172 2038 cujus
1204 1939 1336 2037 vigiliis

359 2066 389 2103 “
407 2059 584 2149 niteretur,
638 2086 683 2133 ne
721 2063 818 2158 quod
856 2062 1048 2160 respublica
1082 2060 1335 2135 detrimentum

358 2186 386 2223 ‘⁴
405 2180 580 2275 caperet.”
644 2180 833 2276 Proprium
856 2180 893 2251 id
916 2180 1064 2255 Tiberio
1087 2178 1167 2269 fuit,
1207 2178 1334 2251 scelera

357 2323 468 2396 nuper
487 2316 622 2394 reperta
639 2296 756 2395 priscis
773 2299 889 2384 verbis
906 2302 1085 2398 obtegere.
1112 2299 1224 2397 Igitur
1240 2301 1333 2373 mul-

358 2420 395 2491 tl
430 2416 697 2508 adseveratione,
733 2421 827 2515 quast
859 2438 918 2493 aut
956 2419 1092 2516 legibus
1131 2443 1215 2491 cum
1248 2417 1334 2491 Silio

354 2554 527 2634 ageretur,
554 2556 615 2609 aut
642 2540 755 2609 Varro
783 2534 914 2627 consul,
938 2557 997 2611 aut
1028 2538 1115 2611 illud
1139 2522 1337 2633 respublica

357 2658 452 2746 effer,
478 2676 654 2753 coguntur
685 2674 820 2753 patres3
849 2657 964 2729 filente
988 2682 1060 2747 ren,
1086 2658 1142 2730 vel
1164 2659 1188 2729 s1
1213 2652 1333 2729 defen·

357 2780 488 2851 fionem
516 2794 700 2872 coeptaret,
726 2801 798 2847 non
824 2777 1036 2865 occultante,
1060 2772 1157 2871 cujus
1179 2774 1230 2847 ird
1255 2799 1333 2872 pre·

355 2913 520 2969 meremr.
572 2899 599 2936 “
618 2892 838 2967 Conscientid
856 2894 939 2968 belli
966 2894 1123 2969 Sacrovir
1152 2894 1214 2967 diu
1241 2894 1333 2967 dilst-

356 3020 385 3057 “
401 3015 569 3104 mulatus,
593 3011 736 3086 vicloria
752 3038 814 3111 per
831 3013 1012 3087 avaritiam
1028 3006 1173 3104 foedata,
1189 3018 1223 3087 δι
1241 3039 1334 3087 uxor

356 3138 384 3177 “
402 3134 517 3205 Sosra’'
550 3133 808 3229 arguebantur:
841 3158 905 3205 nec
931 3132 1038 3205 dubie
1062 3134 1333 3230 repetundarum

354 3250 557 3325 criminibus
574 3252 772 3322 haerebantz
804 3250 862 3324 sed
884 3254 1009 3325 cuneta
1042 3252 1232 3349 quaestione
1259 3280 1334 3327 ma·

349 3368 480 3467 jestatis
510 3369 686 3453 exercita3
721 3375 755 3442 δι
783 3369 885 3442 Silius
912 3371 1159 3447 imminentem
1187 3376 1333 3449 damna·

353 3488 489 3561 tionem
514 3488 711 3561 voluntario
734 3491 806 3561 fine
831 3491 1017 3585 praevertit.

402 3610 489 3682 XX.
515 3609 708 3681 vatrurr
737 3627 856 3682 tamen
886 3610 923 3682 in
958 3613 1064 3702 bona,
1107 3638 1180 3687 non
1208 3634 1248 3689 ut
1276 3614 1333 3688 sti·

354 3726 540 3826 pendiariis
579 3728 736 3825 pecuniae
763 3730 1002 3822 redderentur,
1040 3758 1191 3830 quorum
1226 3760 1335 3809 nemo

353 3848 554 3945 repetebat:
580 3845 638 3920 sed
655 3848 840 3923 liberalitas
859 3851 1010 3948 Augusti
1027 3854 1155 3946 avulsa,
1183 3880 1333 3951 compu-

353 3966 432 4041 tatis
463 3966 663 4065 singillatim
693 3992 772 4065 quae
798 3966 881 4043 fisco
897 3972 1126 4067 petebantur:
1152 3998 1193 4047 ea
1219 3972 1335 4072 prima
