3259 5284
368 622 438 703 3ro
586 597 1165 677 C.Conurr,rrTnerr1

362 778 597 862 advertebam
633 776 715 849 cirm
743 777 932 869 Tiridates,
968 778 1068 851 fimul
1101 772 1194 851 saml
1233 758 1367 877 atqu(

361 893 435 992 ipso
466 896 649 969 Artabano
684 896 872 994 perculsus,
905 896 1045 971 distrahi
1077 894 1236 988 confiliis,
1278 898 1340 972 iret

361 1016 493 1104 contri,
518 1040 562 1089 an
581 1016 712 1089 bellum
733 1016 953 1091 cundatione
978 1018 1145 1091 traderet.
1195 1014 1339 1114 Quibus

359 1134 526 1231 proelium
543 1140 577 1209 δι
594 1132 740 1209 festinati
756 1133 851 1211 casus
867 1138 1061 1233 placebant,
1081 1142 1110 1179 “
1122 1135 1285 1235 disjettos
1300 1142 1336 1211 lit

361 1254 661 1355 “longinquitate
682 1255 810 1329 itineris
833 1244 947 1347 sessos,
975 1280 1020 1328 ne
1045 1255 1167 1329 animo
1190 1256 1336 1355 quidem

360 1370 484 1449 “satis
505 1376 551 1449 ad
577 1372 780 1472 obsequium
807 1374 991 1449 coaluilse''
1015 1375 1193 1467 disserunt,
1212 1382 1241 1419 “
1254 1398 1337 1473 pro·

360 1492 532 1569 “ditores
553 1519 664 1591 nuper
685 1494 866 1593 hostesque
886 1491 972 1593 ejus,
1002 1518 1109 1593 quem
1132 1494 1265 1567 rursum
1282 1492 1336 1568 fo-

325 1706 329 1719 ¹
358 1620 387 1659 “
405 1616 545 1687 veant.''
618 1616 751 1687 Verbm
784 1613 986 1713 Abdageses
1018 1614 1333 1712 “regrediendum

359 1737 388 1777 “
404 1733 440 1805 in
469 1732 787 1829 Mesopotamiam’'
821 1734 992 1824 censebat,
1030 1741 1059 1777 “
1076 1754 1116 1808 ut
1142 1758 1245 1809 amne
1270 1737 1336 1809 ob·

358 1860 386 1898 ‘⁶
400 1850 507 1949 jesio,
533 1852 711 1925 Armeniis
727 1852 876 1946 interim,
895 1854 1140 1951 Elymaeisque,
1165 1854 1338 1929 &ceteris

243 2012 249 2021 .
358 1979 386 2017 “
405 1998 426 2046 a
448 1990 549 2070 tergo
573 1972 706 2064 excitis,
732 1974 825 2048 audii
846 1975 955 2071 copiis
975 1970 1167 2065 socialibus,
1194 1979 1229 2047 δι
1251 1998 1337 2071 quas

313 2192 314 2197 Ἰ
357 2100 385 2134 “
402 2092 477 2165 dux
512 2094 695 2167 Romanus
733 2092 884 2184 misisset,
919 2092 1095 2167 fortunam
1128 2093 1336 2167 tentarent.”

358 2214 411 2285 Ea
427 2210 592 2285 sententia
606 2212 727 2301 valuit,
758 2212 841 2309 quia
861 2212 1010 2310 plurima
1032 2213 1215 2287 austeritas
1230 2234 1336 2311 penes

356 2331 579 2431 Abdagesen‚
599 2334 631 2402 dt
649 2316 822 2405 Tiridates
838 2332 985 2431 ignavus
1008 2333 1053 2405 ad
1070 2333 1223 2429 pericula
1239 2351 1334 2405 erat:

309 2501 313 2509 ·
356 2450 415 2525 sed
433 2450 527 2549 sugae
550 2448 660 2546 specie
683 2446 865 2524 discessum
878 2478 890 2537 3
920 2473 975 2540 ac,
1002 2450 1173 2548 principio
1193 2469 1336 2548 agente

355 2572 518 2645 Arabum
541 2566 648 2658 sasso,
672 2568 774 2641 ceteri
787 2570 915 2643 domos
930 2571 1072 2663 abeunt,
1091 2572 1149 2643 vel
1167 2570 1203 2644 in
1224 2569 1335 2644 castra

289 2677 293 2685 ¹
355 2688 552 2764 Artabani:
572 2688 685 2761 donec
702 2688 873 2765 Tiridates
896 2713 979 2763 cum
997 2688 1115 2787 paucis
1140 2690 1177 2762 in
1200 2688 1336 2786 Syriam

354 2794 523 2899 revedlus,
547 2809 680 2905 pudore
694 2808 897 2906 proditionis
909 2832 1030 2882 omnes
1042 2806 1201 2882 exsolvit.
1233 2905 1236 2914 μ

403 2930 520 3005 XLV.
546 2926 654 3001 luen·
674 2954 783 3003 annus
809 2928 909 3027 gravi
932 2929 1015 3028 igne
1031 2930 1171 3002 Urbem
1200 2928 1332 3020 adlicit,

353 3050 472 3125 deustst
523 3042 619 3147 paite
659 3048 764 3140 Circi,
812 3075 891 3147 quae
916 3048 1112 3123 Aventino
1152 3047 1332 3147 contigua,

335 3171 497 3269 ,ipsoque
548 3168 751 3267 Aventino:
798 3172 895 3267 quod
934 3172 1103 3245 damnum
1143 3168 1256 3244 Caesar
1287 3171 1334 3246 ad

355 3291 501 3390 gloriam
535 3268 650 3379 vertit,
680 3287 843 3363 exsolutis
871 3291 1043 3363 domuum
1080 3294 1114 3363 δι
1145 3286 1331 3364 insularum

354 3408 482 3508 pretiis.
543 3408 676 3487 Millies
707 3408 899 3484 sestertibm
922 3412 962 3483 est
982 3406 1218 3482 munificentia
1244 3428 1329 3478 con-

351 3534 524 3614 locatumr
552 3529 649 3603 tanto
665 3528 839 3626 acceptius
855 3529 891 3601 in
913 3529 1077 3627 vulgum,
1095 3524 1226 3625 quantb
1248 3546 1329 3596 mo-

350 3650 452 3753 dicus
478 3648 619 3746 privatis
642 3631 940 3728 aedificationibus.
1001 3650 1061 3721 Ne
1085 3643 1222 3745 publice
1251 3644 1331 3741 qui·

351 3770 434 3847 dem
467 3769 528 3843 nili
560 3770 633 3842 duo
665 3790 771 3865 opera
796 3767 932 3860 struxit,
960 3770 1134 3865 templum
1157 3764 1332 3865 August0,

314 3896 320 3939 ²
354 3898 388 3967 ὅτ
407 3870 542 3965 scenam
553 3887 758 3986 Pompeiani
776 3887 923 3974 theatri3
949 3912 1060 3984 eaque
1084 3875 1332 3986 perfe'sla'con·

294 4057 299 4066 -
352 4032 489 4117 tempto
507 4008 718 4121 ambitionis,
753 4034 797 4086 au
818 4032 879 4112 per
895 4005 1119 4100 senedutem,
1144 4008 1240 4089 haud
1263 4006 1325 4089 de·
