3259 5284
353 609 424 660 200
550 583 1125 658 censuarium

352 757 428 856 pari
446 755 553 831 exitio
575 757 701 856 viguit,
727 756 933 854 ceciditque.
980 757 1118 852 Corpus
1144 750 1195 824 illi
1222 753 1318 824 labo-

351 901 430 950 rum
463 879 625 966 tolerans,
651 875 787 950 animus
815 877 955 948 audax:
982 874 1033 949 sul
1065 876 1248 970 obtegens,
1282 871 1320 944 in

350 995 435 1070 alios
451 996 673 1070 criminator:
694 995 797 1096 juxti
813 995 965 1070 adulatio
990 1000 1024 1068 δι
1048 991 1230 1090 superbia:
1258 1017 1320 1089 pa·

282 1145 286 1156 ³
352 1117 423 1188 lam
439 1119 648 1214 compositus
673 1118 799 1214 pudor,
824 1115 917 1188 intus
939 1113 1075 1187 summa
1090 1111 1262 1209 apiscendi
1277 1113 1320 1184 li·

349 1233 460 1308 bido:
489 1234 625 1334 ejusque
637 1239 751 1326 causa,
777 1234 885 1308 modo
901 1234 1039 1332 largitio
1062 1238 1096 1306 δι
1118 1235 1237 1323 luxus,
1261 1231 1321 1307 sae·

351 1353 429 1451 pius
457 1353 622 1428 industria
649 1383 690 1430 ac
707 1354 902 1454 vigilantia,
927 1355 1022 1428 haud
1045 1353 1160 1427 minus
1190 1353 1319 1444 noxiae,

351 1473 513 1571 quotiens
530 1477 684 1572 parando
701 1501 810 1573 regno
825 1477 1017 1572 finguntur.

396 1595 442 1666 ΙΙ.
466 1597 555 1674 Vrm
573 1595 797 1692 praefedurae,
824 1592 1002 1668 modicam
1018 1612 1131 1683 antea,
1157 1591 1320 1682 intendit,

349 1711 509 1810 dispersas
528 1739 588 1811 per
614 1717 753 1788 Urbem
780 1713 939 1788 cohortes
965 1739 1036 1786 una
1056 1713 1093 1784 in
1108 1712 1215 1784 castra
1236 1737 1320 1785 con-

350 1833 515 1906 ducendo
527 1861 538 1918 ς
564 1854 603 1906 ut
629 1835 728 1906 fimul
756 1834 901 1931 imperia
925 1832 1132 1930 acciperent,
1157 1857 1321 1907 numero-

350 1957 471 2050 que&
501 1955 639 2044 robore,
666 1958 699 2026 δι
725 1951 800 2026 visu
828 1953 919 2026 inter
941 1951 987 2043 se,
1013 1951 1143 2027 fiducia
1168 1947 1260 2048 ipsis,
1285 1949 1322 2024 in

350 2091 480 2144 ceteros
504 2092 616 2145 metus
643 2073 850 2146 crederetur.
910 2073 1155 2145 Praetendebat
1178 2077 1205 2112 “
1224 2069 1321 2142 lasci·

351 2197 380 2234 “
399 2191 471 2262 vire
505 2189 652 2263 militem
681 2191 891 2264 diduuum:
931 2194 954 2264 st
985 2191 1072 2288 quid
1092 2189 1243 2264 subitum
1266 2189 1321 2262 in·

351 2317 379 2352 “
398 2329 514 2406 gruat,
542 2298 672 2407 majore
694 2309 827 2382 auxilio
842 2310 967 2406 pariter
988 2307 1185 2387 subveniri:
1214 2313 1248 2382 &
1271 2308 1321 2382 se-

350 2434 379 2471 “
397 2427 508 2502 verius
533 2429 681 2516 aeluros,
708 2431 731 2501 sr
745 2429 879 2501 vallum
896 2429 1057 2501 stuuatur
1073 2429 1197 2525 procul
1212 2429 1323 2502 Urbis

351 2552 380 2590 “
396 2545 618 2619 inlecebris.'’
665 2549 719 2620 Ut
744 2543 895 2644 perfecie
918 2544 997 2620 sunt
1019 2548 1139 2639 castra,
1165 2547 1323 2644 inrepere

350 2664 532 2763 paullatim
561 2663 725 2739 militares
743 2665 891 2755 animos,
923 2667 1100 2756 adeundo,
1142 2667 1322 2763 appellan-

349 2787 423 2858 do:
449 2787 547 2858 simul
565 2784 782 2860 centuriones
809 2810 851 2858 ac
873 2784 1029 2859 tribunos
1051 2784 1122 2883 ipse
1145 2784 1321 2883 deligere:

349 2928 463 3002 neque
484 2902 654 2982 senatorio
681 2903 817 2977 ambitu
837 2903 1043 2995 abstinebat,
1081 2905 1220 2979 clientes
1244 2905 1324 2980 suos

349 3023 540 3098 honoribus
562 3041 621 3097 aut
645 3021 833 3119 provinciis
849 3024 1019 3113 ornando,
1045 3023 1137 3098 facili
1164 3026 1321 3117 Tiberio,

348 3163 453 3239 atque
476 3142 524 3214 ita
545 3167 670 3238 pron0,
694 3143 864 3233 ursacium
889 3144 1040 3234 laborum,
1066 3170 1139 3218 non
1155 3144 1264 3218 modi)
1287 3145 1325 3219 in

347 3259 574 3349 sermonibus,
591 3257 649 3332 sed
670 3259 763 3356 apud
787 3280 899 3356 patres
926 3267 958 3335 lc
986 3263 1157 3359 populum
1173 3265 1323 3338 celebra-

349 3398 414 3467 ret,
441 3378 580 3474 colique
608 3404 669 3474 per
695 3380 825 3452 theatra
847 3384 881 3452 ὃς
905 3378 981 3453 fora
1001 3379 1131 3479 effigies
1156 3379 1243 3478 ejus,
1268 3382 1322 3456 in·

349 3516 469 3594 terque
491 3495 662 3594 principia
680 3496 863 3594 legionum
886 3501 1018 3572 sineret.

398 3616 460 3687 Ill.
486 3616 682 3687 Caranon
706 3615 810 3712 plena
826 3616 1002 3692 Caesarum
1023 3621 1164 3708 domus,
1183 3615 1324 3716 juvenis

350 3733 455 3821 filius,
482 3753 623 3829 nepotes
640 3735 762 3824 adulti,
790 3761 925 3811 moram
947 3738 1075 3835 cupitis
1094 3735 1322 3812 adferebantt

352 3858 402 3942 δι,
428 3851 510 3948 quia
525 3853 561 3924 vi
584 3873 636 3924 tot
654 3855 752 3926 simul
775 3855 944 3953 corripere
960 3857 1125 3948 intutum,
1150 3858 1253 3930 dolus
1270 3858 1323 3932 in·

351 3971 495 4066 tervalla
510 3970 675 4051 scelerum
693 3972 866 4076 poscebat.
915 3976 1052 4056 Placuit
1072 3995 1189 4064 tomen
1205 3978 1332 4061 occul-2
