3259 5284
467 669 775 739 Auunarun
807 664 920 735 Lrn.
952 656 1015 733 ΙΙΙ.
1165 676 1229 752 145

263 839 385 939 populi
407 840 441 911 dt
464 860 600 935 patrum
622 858 802 912 metuens:
837 833 971 921 contra,
1000 816 1229 901 “Tiberium

264 957 503 1056 “spernendis
530 959 726 1032 rumoribus
747 956 919 1043 validum,
957 957 990 1024 ὅτ
1012 946 1228 1022 conscientia

247 1084 292 1176 ‚.“
310 1078 427 1150 matris
443 1079 611 1151 innexum
627 1079 716 1150 esse:
750 1098 915 1170 veraque,
962 1090 1020 1142 aut
1058 1067 1092 1139 in
1130 1068 1227 1139 dete-

264 1203 293 1238 “
309 1197 377 1269 rius
403 1197 545 1285 credita,
570 1194 690 1292 judice
722 1196 767 1267 ab
798 1218 869 1266 uno
897 1189 1029 1262 sacilids
1060 1184 1227 1258 discerni:

264 1322 293 1358 ‘⁶
310 1317 431 1389 odium
448 1322 481 1389 u
498 1316 663 1387 invidiam
679 1316 772 1410 apud
789 1312 917 1385 multos
932 1308 1080 1381 valere.''
1120 1305 1232 1378 Haud

262 1434 400 1510 fallebat
415 1436 597 1509 Tiberium
614 1437 723 1507 moles
745 1428 967 1529 cognitionis,
998 1428 1135 1523 quasque
1161 1423 1231 1519 ipse

261 1552 355 1627 famd
390 1554 639 1626 distraheretur.
704 1552 829 1649 Igitur,
859 1546 976 1645 paucis
1013 1542 1232 1616 familiarium

261 1672 436 1761 adhibitis,
466 1673 576 1745 minas
593 1670 839 1757 accusantium,
863 1672 896 1739 &
923 1664 1003 1736 hinc
1030 1687 1148 1759 preces
1171 1686 1230 1733 au-

260 1790 326 1881 dit,
359 1792 596 1887 integramque
613 1786 747 1862 causam
764 1788 809 1858 ad
827 1784 978 1856 senatum
995 1781 1150 1853 remittit.

310 1910 376 1982 XI.
405 1913 548 1993 Arous
581 1907 719 1979 interim
750 1901 881 1977 Drusus
912 1902 1045 1974 rediens
1076 1898 1231 1994 lllyrico,

264 2050 479 2122 quamquam
510 2044 621 2121 patres
652 2021 865 2111 censuissent,
911 2022 1009 2093 “ob
1054 2040 1232 2117 receptum

265 2150 294 2186 “
311 2142 589 2233 Maroboduum,
624 2147 737 2215 &res
765 2141 877 2238 priore
904 2139 1018 2211 aestate
1046 2140 1167 2238 gestas,
1195 2158 1234 2211 ut

171 2312 175 2320 ·
266 2269 293 2306 “
310 2286 419 2335 orans
436 2262 575 2352 iniret,''
597 2262 731 2358 prolato
764 2262 897 2332 honore
913 2261 1049 2333 Urbem
1081 2256 1233 2331 intravit.

262 2381 344 2455 Post
369 2407 461 2478 quae,
500 2405 559 2453 reo
594 2387 622 2423 “
639 2382 685 2453 T.
709 2379 932 2467 Arnintium‚
966 2380 1013 2451 T.
1039 2377 1231 2469 Vinicium,

267 2507 296 2547 ‘⁶
314 2500 474 2600 Asinium
490 2501 646 2588 Gallum,
664 2497 887 2573 AEserninum
904 2500 1128 2588 Marcellum,
1154 2498 1234 2571 Sex.

264 2618 518 2715 “Pompeium
545 2620 733 2715 patronos’'
770 2617 913 2714 petenti,
954 2615 1061 2714 iisque
1102 2614 1235 2689 diversa

262 2734 518 2826 excusantibus,
535 2740 592 2809 Μ.
604 2735 764 2831 Lepidus
778 2741 812 2808 bc
829 2738 876 2807 L.
894 2734 987 2823 Pisa,
1002 2740 1034 2809 δι
1053 2734 1234 2809 Livineius

263 2855 423 2951 Regulus
439 2852 601 2926 adsudre:
618 2854 745 2926 arredd
760 2854 857 2926 omni
874 2852 1026 2944 civitate,
1058 2861 1084 2896 “
1104 2872 1234 2949 quanta

264 2978 294 3013 “
313 2973 399 3044 sides
414 2969 534 3044 amicis
550 2972 762 3060 Germanici,
785 2998 864 3068 quae
891 2972 1018 3044 fiducia
1035 2996 1117 3045 reo:
1138 2970 1235 3043 sarin'

264 3096 292 3133 “
308 3088 499 3179 cohiberet,
522 3116 566 3162 an
590 3110 765 3186 promeret
789 3088 902 3162 sensus
926 3089 1003 3162 suos
1026 3089 1235 3163 Tiberius:”

261 3209 302 3283 iis
318 3210 410 3281 haud
426 3207 508 3281 alihs
524 3207 687 3281 intentior
699 3210 864 3305 populus,
889 3211 967 3305 plus
980 3208 1038 3282 fibi
1052 3208 1089 3281 in
1106 3208 1234 3307 princi·

262 3354 343 3425 pem
357 3328 502 3401 occultae
518 3327 629 3416 vocis,
653 3347 711 3400 aut
721 3325 899 3424 suspicacis
916 3328 1037 3401 silentii
1050 3329 1211 3426 permisit.

309 3448 392 3521 XII.
429 3447 509 3519 Drs
549 3444 696 3535 senaths,
736 3445 850 3519 Caesar
885 3447 1077 3521 orationem
1114 3449 1236 3523 habuit

262 3565 428 3638 meditato
457 3585 756 3661 temperamento:
803 3572 834 3608 “
861 3566 968 3639 Patris
1001 3563 1051 3639 sui
1082 3569 1236 3665 legatum

264 3690 292 3725 “
310 3702 413 3777 atque
445 3684 597 3757 amicum
631 3682 792 3756 Pisonem
827 3682 938 3775 fiiiffe,
970 3683 1236 3786 adjutoremque

264 3800 520 3873 “Germanico
543 3803 665 3875 datum
691 3827 712 3873 a
737 3802 784 3891 se,
810 3806 949 3876 audiore
976 3802 1105 3894 senatu,
1133 3807 1236 3879 rebus

266 3918 405 4012 “apud
426 3918 606 3993 Orientem
631 3920 932 3995 administrandis:
959 3923 1030 3997 illic
1054 3942 1235 3997 contunsa-

202 4105 207 4113 .
264 4040 292 4077 “
309 4033 360 4107 cia
386 4039 419 4109 δι
447 4037 688 4146 certaminibus
712 4038 887 4137 asperasset
906 4038 1088 4140 juvenem,
1121 4041 1232 4115 exitu-

734 4160 770 4231 L
