3259 5284
498 602 802 675 Arruntium
836 604 945 675 Lrn.
979 604 1040 677 Vl.
1210 629 1279 704 293

361 767 495 842 XXIV.
521 776 632 869 Qun
651 777 684 846 δι
702 772 857 846 ἰῃνεᾶυε
874 771 910 843 in
927 770 1142 857 defunctum,
1158 775 1185 812 “
1199 794 1280 865 pro·
1368 764 1371 771 ’

317 890 344 927 “
363 888 423 959 bra
440 889 604 985 corporis,
623 890 836 963 exitiabilem
853 890 890 962 in
906 889 997 979 suos,
1021 884 1191 960 infensum
1214 884 1280 959 rei-

310 1009 338 1047 “
356 1006 506 1101 publicae
524 1008 702 1080 animum”
724 1007 872 1106 objecit:
899 1005 1140 1102 “recitarique
1167 1002 1278 1077 fatto-

309 1128 339 1165 “
356 1148 435 1196 rum
449 1124 692 1223 dislorumque
708 1124 778 1223 ejus
796 1124 962 1223 descripta
979 1135 1040 1220 p'et
1054 1120 1276 1219 dies''juls1t2

307 1266 381 1336 quo
411 1268 481 1315 non
507 1244 602 1317 aliud
629 1244 779 1317 atrocius
796 1242 933 1316 visum:
958 1240 1115 1314 adstitisse
1142 1258 1194 1312 tot
1218 1265 1278 1337 per

307 1383 428 1449 annos,
442 1361 502 1458 qui
519 1364 670 1451 vultum,
689 1360 852 1459 gemitus,
870 1360 1046 1432 occultum
1062 1358 1166 1431 etiam
1181 1382 1278 1430 mur-

308 1502 388 1550 mur
403 1478 613 1575 exciperent,
637 1484 671 1553 &
699 1478 845 1576 potuisse
860 1476 968 1551 avum
983 1477 1115 1566 audire,
1148 1477 1275 1572 legere,

307 1594 343 1665 in
362 1596 543 1692 publicum
561 1622 733 1693 promere,
762 1596 824 1669 vix
840 1596 950 1681 fides;
985 1594 1046 1670 nisi
1064 1593 1160 1691 qubd
1177 1594 1271 1669 Attii

294 1714 529 1803 centurionis,
559 1722 593 1787 δι
611 1698 758 1810 Didymi
774 1712 886 1788 liberti
902 1714 1070 1811 epistola,
1099 1711 1275 1787 servomm

307 1829 449 1901 nomina
483 1830 724 1927 praeserebant,
748 1850 786 1904 ut
812 1832 889 1929 quis
920 1832 1152 1930 egredientem
1175 1830 1275 1904 cubi·

307 1948 389 2019 culo
406 1945 558 2022 Drusum
582 1948 783 2046 pulsaverat,
812 1969 1027 2024 exterruerat.
1078 1948 1195 2022 Etiam
1215 1946 1275 2022 sna

305 2068 413 2139 verba
429 2066 595 2159 centurio,
629 2065 762 2141 saevitiae
782 2068 897 2165 plena,
925 2088 1106 2165 tamquam
1138 2067 1273 2164 egregi-

306 2207 382 2274 um,
413 2184 583 2284 vocesque
610 2186 800 2261 deficientis
833 2184 1013 2284 adjecerat,
1052 2185 1131 2282 quls
1159 2183 1273 2280 primb

305 2302 547 2378 alienationem
565 2304 687 2379 mentis
704 2307 878 2395 simulans,
896 2309 990 2401 quasi
1018 2328 1078 2401 per
1102 2302 1273 2379 dementi·

305 2447 376 2513 am,
406 2421 537 2497 funesta
552 2424 711 2513 Tiberin,
746 2448 831 2497 mox
855 2424 917 2498 ubi
942 2421 1061 2521 exspes
1085 2420 1165 2497 vitae
1190 2421 1270 2512 fuit,

304 2541 497 2631 meditatas,
511 2542 780 2639 compositasque
796 2541 884 2615 diras
900 2540 1172 2638 imprecabatur:
1193 2550 1221 2585 “
1231 2563 1272 2615 ut

305 2660 651 2759 “quemadmodum
679 2686 820 2750 nurum,
854 2658 1037 2756 filiumque
1064 2658 1188 2750 fratris,
1235 2666 1270 2735 ec

305 2783 332 2822 “
351 2797 507 2873 nepotes,
532 2780 747 2875 domumque
775 2803 918 2851 omnem
946 2778 1099 2852 caedibus
1115 2779 1270 2877 complc-

303 2903 331 2940 “
349 2896 471 2981 vilset3
499 2895 546 2967 ita
572 2922 692 2992 poenas
709 2895 842 2970 nomini
871 2894 1058 2993 generique
1085 2894 1267 2993 majorum,

303 3020 330 3057 “
350 3018 383 3087 dt
402 3013 541 3109 posteris
558 3014 1034 3089 exsolveret.”Obturbabant
1050 3014 1192 3113 quidem
1206 3043 1266 3114 pa-

301 3152 382 3223 tres,
411 3132 522 3230 specie
541 3132 755 3206 detestandi:
781 3129 839 3205 sed
868 3134 1066 3229 penetrabat
1085 3160 1204 3231 pavor,
1233 3140 1268 3209 lle

301 3251 497 3341 admiratio,
528 3252 693 3325 callidum
726 3250 809 3324 olim
840 3251 1058 3348 &tegendis
1088 3251 1268 3327 sceleribus

300 3370 500 3460 obscurum,
519 3372 586 3443 huc
603 3369 822 3443 confidentiae
840 3368 982 3458 venisse,
1004 3388 1057 3459 ut,
1085 3390 1267 3469 tamquam

299 3489 449 3562 demotis
478 3489 676 3587 parietibus,
710 3488 901 3567 ostenderet
929 3510 1094 3586 nepotem
1110 3488 1172 3563 sub
1188 3516 1266 3564 ver·

298 3612 378 3681 bere
407 3608 628 3697 centurionis,
665 3608 752 3680 inter
775 3606 952 3681 servorum
980 3606 1081 3700 ictus,
1114 3628 1266 3684 extrema

298 3725 378 3797 vitae
403 3726 564 3801 alimenta
588 3726 712 3799 frustra
735 3745 904 3799 orantem.

347 3844 463 3915 XXV.
488 3846 669 3918 Nonnonr
699 3844 726 3917 is
754 3843 853 3915 dolor
877 3847 1087 3936 exoleverat,
1116 3847 1197 3923 cum
1218 3850 1264 3923 de

298 3958 494 4064 Agrippind
511 3963 682 4057 auditum,
707 3988 829 4063 quam,
852 3962 1030 4043 intersedo
1046 3962 1180 4066 Sejano,
1205 3965 1263 4065 spe
