3259 5284
374 604 462 696 '298
585 598 627 670 C.
660 596 1187 672 ConunnrrTncrrr

391 774 573 847 Tiberium
590 775 818 847 flecterentur.
856 774 987 847 Verum
1003 777 1048 847 ab
1063 771 1207 847 Servilio
1225 772 1358 845 &Cor-

391 892 481 964 nelio
507 891 769 981 accusatoribus,
807 899 835 935 “
853 894 1059 967 adulterium
1082 892 1209 981 Liviae,
1233 916 1358 988 mago-

393 1015 420 1053 “
440 1034 519 1083 rum
547 1008 661 1083 sacra”
682 1008 952 1108 objedabantur.
1010 1012 1171 1099 Scaurus,
1214 1029 1254 1081 ut
1280 1010 1359 1107 dig·

391 1154 478 1201 num
519 1128 692 1201 veteribus
731 1128 899 1217 AEmiliis,
933 1128 1194 1202 damnationem
1228 1128 1357 1215 anteit;

390 1248 550 1319 hortante
564 1246 690 1319 Sexitirl
707 1272 829 1337 uxore,
852 1274 930 1346 quae
946 1246 1207 1320 incitamentum
1223 1247 1358 1339 mortis,
1474 1238 1479 1246 ’

392 1369 426 1438 dc
454 1364 621 1462 particeps
646 1364 720 1439 fuit.

440 1486 562 1557 XXX.
589 1488 646 1557 Ac
680 1510 822 1557 rnmnsr
845 1484 1064 1574 accusatores,
1088 1489 1111 1557 si
1141 1484 1283 1559 facultas
1304 1485 1357 1557 in·

389 1602 534 1693 rideret,
558 1602 671 1699 poenis
698 1602 971 1676 adliciebantur:
997 1623 1036 1675 ut
1051 1603 1211 1677 Servilius
1227 1606 1357 1677 Corne·

391 1720 536 1818 liusque,
562 1720 697 1817 perdito
720 1725 846 1795 Scauro
867 1722 1001 1811 famosi,
1026 1721 1108 1818 quia
1133 1724 1316 1818 pecuniam
1337 1748 1358 1795 a

389 1840 495 1911 Vario
517 1838 664 1935 Ligure,
690 1840 890 1913 omittendae
912 1839 1107 1930 delationis,
1132 1861 1305 1937 ceperant,
1322 1842 1357 1916 in

390 1956 527 2047 insulas,
545 1956 729 2029 interdiclo
753 1958 826 2054 igni
849 1978 953 2055 atque
973 1964 1075 2055 aqua,
1101 1960 1232 2033 demoti
1253 1960 1354 2033 sunta

389 2080 423 2148 δι
443 2074 603 2148 Abudius
617 2072 725 2165 Rus0,
748 2074 886 2148 functus
911 2076 1084 2166 aedilitate,
1098 2079 1186 2151 dum
1203 2081 1357 2152 Lentulo

388 2194 576 2283 Gaetulico,
604 2192 666 2267 sub
687 2220 758 2291 quo
788 2195 916 2291 legioni
944 2175 1138 2291 praefuerat,
1166 2195 1356 2293 periculum

387 2312 526 2401 facessit,
557 2318 585 2353 “
601 2310 694 2408 qudd
723 2312 750 2383 is
772 2310 883 2409 Sejani
910 2314 1023 2386 lilium
1055 2340 1222 2413 generum
1253 2314 1355 2388 desti-

390 2439 419 2473 “
436 2432 581 2520 nasset,”
610 2430 701 2501 ultro
717 2430 918 2520 damnatur,
940 2453 1045 2529 atque
1066 2436 1167 2506 Urbe
1193 2433 1355 2531 exigitur.

388 2548 578 2621 Gaetulicus
601 2550 641 2621 eal
662 2549 860 2645 tempestate
887 2548 1064 2648 superioris
1089 2552 1284 2624 Germaniae
1307 2555 1355 2625 le-

387 2670 509 2766 giones
555 2667 709 2756 curabat,
753 2668 953 2765 mirumque
988 2694 1144 2742 amorem
1180 2669 1356 2743 adsecutus

385 2806 473 2877 erat,
497 2784 609 2860 effusae
621 2786 827 2877 clementiae,
843 2787 1000 2860 modicus
1017 2787 1205 2878 severitate,
1224 2792 1257 2861 ὅτ
1276 2812 1354 2883 pro-

387 2906 486 2979 ximo
505 2928 647 3003 quoque
675 2904 854 2993 exercitui,
885 2931 947 3002 per
973 2909 1019 2978 L.
1038 2907 1238 3002 Apronium
1261 2904 1354 2983 soce·

386 3050 479 3115 rum,
503 3050 573 3096 non
602 3024 765 3121 ingratus.
826 3025 934 3095 Unde
960 3022 1053 3097 fama
1084 3026 1259 3116 constans,
1293 3051 1354 3097 au·

385 3142 460 3217 sum
491 3142 626 3217 mittere
653 3144 697 3214 ad
722 3141 890 3215 Caesarem
913 3144 1035 3233 literas,
1069 3150 1096 3185 “
1123 3142 1355 3220 Adfinitatem

387 3269 414 3303 “
434 3262 494 3334 fibi
512 3287 594 3335 cum
624 3258 745 3358 sejano
768 3262 863 3333 haud
883 3261 1018 3359 sponte,
1047 3261 1106 3336 sed
1127 3264 1265 3336 consilio
1288 3263 1353 3335 Ti·

387 3387 416 3423 “
435 3380 517 3451 berii
534 3398 708 3477 coeptam:
737 3380 879 3476 perinde
893 3378 940 3470 le,
958 3382 1066 3477 quam
1081 3381 1264 3455 Tiberium
1282 3378 1354 3452 falli

387 3504 414 3540 “
432 3496 596 3593 potuilse:
650 3522 761 3593 neque
802 3522 951 3573 errorem
992 3500 1156 3593 eumdem
1196 3499 1245 3571 illi
1285 3502 1354 3572 fine

387 3620 414 3657 “
432 3613 566 3705 fraude,
591 3614 663 3687 aliis
685 3615 793 3688 exitio
814 3618 1028 3691 habendum.
1076 3617 1150 3692 Sibi
1170 3618 1277 3690 fidem
1299 3617 1352 3690 in·

387 3742 415 3777 “
434 3752 580 3831 tegram,
610 3739 656 3823 ἃ,
684 3739 706 3807 st
732 3735 836 3808 nullis
860 3736 986 3809 insidiis
1008 3757 1193 3834 peteretur,
1218 3735 1352 3810 mansu·

387 3861 414 3898 “
432 3878 528 3927 ram:
564 3851 784 3926 succellorem
822 3882 895 3927 non
922 3855 1034 3945 aliter,
1057 3858 1164 3953 quim
1184 3856 1353 3930 indicium

386 3980 414 4025 ‘⁶
434 3970 568 4065 mortis,
581 3990 827 4071 accepturum:
846 3977 1021 4051 firmarent
1036 3976 1130 4048 velut
1146 3973 1274 4066 foedus,
1282 3998 1354 4077 quo
