3259 5284
359 558 424 634 108
590 554 1154 630 C.Conu1·:n11TAcr'r1

354 724 499 798 ditatem
514 714 747 825 (quamquam
764 727 835 826 ipse
853 731 950 802 heres
962 729 999 802 in
1023 747 1119 826 parte
1138 726 1326 824 legeretur)

354 845 497 917 tradidit
521 850 577 920 M.
602 848 759 938 Servilio,
785 873 891 945 quem
916 848 1097 945 prioribus,
1123 872 1236 943 neque
1259 845 1326 918 sus-

354 963 461 1059 peelis
483 965 622 1055 tabulis,
653 965 817 1063 scripturn
849 990 1088 1064 compererat;
1122 974 1149 1010 “
1167 963 1327 1038 nobilita-

357 1090 386 1124 “
403 1102 475 1155 tem
507 1082 684 1181 utriusque
724 1086 870 1183 pecunia
897 1085 1115 1182 juvandam''
1159 1083 1328 1182 praefatus.

355 1205 485 1300 Neque
505 1203 732 1276 hereditatem
759 1203 961 1302 cujusquam
981 1205 1079 1293 adiit,
1103 1203 1162 1276 nifi
1185 1205 1267 1280 cum
1293 1229 1329 1276 a·

357 1321 487 1394 micitia
503 1321 701 1409 meruisset;
727 1323 869 1421 ignotos
891 1329 924 1397 &
942 1323 1015 1396 aliis
1031 1321 1191 1412 infensos,
1217 1323 1329 1419 eoque

357 1440 556 1537 Principem
589 1464 840 1539 nuncupantes,
879 1445 1000 1540 procul
1034 1444 1181 1514 arcebat.
1230 1443 1330 1516 Cete-

359 1561 438 1632 rirm
458 1581 497 1632 ut
521 1561 698 1634 honestam
721 1561 959 1636 innocentium
984 1581 1219 1658 paupertatem
1236 1563 1329 1634 leva·

358 1679 434 1765 vit;
460 1680 509 1753 ita
531 1682 699 1779 prodigos
721 1685 754 1752 ἃ
771 1684 818 1754 ob
836 1681 967 1779 flagitia
989 1701 1129 1778 egentes
1148 1680 1331 1754 Vibidium

360 1801 562 1889 Varronem,
575 1801 732 1873 Marium
744 1799 1099 1897 Nepotem,Appium
1114 1799 1330 1895 Appianum,

359 1919 564 1992 Cornelium
589 1922 734 2009 Sullam,
771 1925 829 2016 Q
853 1919 1035 1991 Vitellium
1060 1918 1172 1990 movit
1200 1917 1330 2008 senatu,

361 2061 421 2112 aut
436 2039 556 2136 sponte
568 2041 690 2112 cedere
702 2041 815 2135 pallus
828 2041 888 2112 est.

409 2162 547 2232 XLIX.
574 2162 714 2231 lrsuam
737 2158 952 2254 temporibus
973 2161 1081 2231 delam
1110 2161 1199 2232 aedes
1220 2157 1331 2232 vetus-

361 2297 432 2350 tate
451 2300 509 2350 aut
527 2276 600 2376 igni
619 2276 778 2366 abolitas,
799 2277 997 2374 coeptasque
1019 2281 1063 2351 ab
1080 2277 1256 2376 Augusto,
1274 2279 1334 2362 de,-

360 2397 516 2470 dicavit:
543 2398 674 2470 Libero
695 2396 904 2493 Liberaeque
927 2401 959 2468 &
986 2398 1112 2486 Cereri,
1131 2396 1233 2494 juxta
1256 2397 1334 2470 Cir·

361 2543 445 2589 cum
461 2499 672 2606 maximum,
699 2542 806 2613 quam
829 2521 874 2588 A.
887 2516 1085 2591 Postumius
1105 2516 1253 2588 dictator
1270 2543 1334 2590 vo-

362 2657 474 2722 verat3
502 2636 699 2732 eodemque
712 2635 746 2706 in
770 2637 849 2710 loco
866 2638 977 2710 aedem
1001 2639 1128 2726 Florae,
1153 2638 1198 2710 ab
1219 2637 1335 2712 Lucio

362 2761 396 2829 δι
415 2758 540 2829 Marco
556 2755 724 2828 Publiciis
742 2757 899 2830 aedilibus
922 2757 1164 2830 constitutam:
1194 2762 1227 2828 δε
1246 2759 1336 2850 Jano

361 2878 549 2972 templum,
588 2877 683 2972 quod
707 2878 802 2972 apud
825 2876 941 2950 forum
966 2877 1144 2952 olitorium
1165 2877 1207 2947 C.
1233 2876 1334 2949 Duil-

362 2997 427 3068 lius
443 2995 622 3085 struxerat,
648 2994 708 3092 qui
726 2997 856 3092 primus
872 3022 944 3069 rem
962 3001 1163 3071 Romanam
1180 2995 1338 3092 prospere

363 3115 449 3188 mati
467 3117 577 3212 geffit,
595 3114 884 3213 triumphumque
900 3117 1057 3189 navalem
1070 3118 1115 3188 de
1123 3115 1241 3188 Poenis
1264 3141 1338 3188 me·

363 3234 444 3306 ruit.
510 3233 591 3328 Spei
624 3235 715 3305 aedes
747 3260 767 3306 a
799 3235 1010 3308 Germanico
1042 3233 1212 3309 sacratur:
1249 3237 1339 3307 hane

365 3351 496 3425 Atilius
515 3373 660 3422 voverat
676 3354 802 3424 eodem
820 3355 925 3425 belln.

412 3472 458 3541 L.
476 3474 778 3544 Anottscnsnr
807 3471 936 3545 interea
963 3476 1020 3545 lex
1049 3474 1240 3572 majestatis.
1292 3476 1338 3546 Et

365 3589 555 3685 Apuleiam
571 3588 740 3661 Variliam
755 3587 875 3662 sororis
899 3593 1051 3690 Augusti
1074 3613 1229 3691 neptem,
1259 3594 1341 3690 quia

367 3712 538 3806 probrosrs
557 3705 775 3783 sermonibus
794 3709 920 3784 divum
945 3713 1144 3809 Augustum
1169 3741 1208 3787 ac
1232 3714 1341 3790 Tibe·

366 3830 471 3919 rium,
501 3833 535 3900 ἃ
560 3848 708 3901 matrem
733 3828 804 3926 ejus
829 3831 1006 3922 inlusrllet,
1036 3831 1229 3931 Caesarique
1258 3859 1341 3906 con-

366 3976 469 4041 nexa,
498 3948 665 4024 adulterio
682 3969 867 4059 teneretur,
896 3949 1075 4051 majestatis
1092 3955 1223 4032 delator
1237 3950 1344 4032 arces-
