3259 5284
416 669 486 745 290
631 646 1210 728 econamum

462 824 546 897 xx.
575 824 648 899 sos
677 824 772 897 ruem
798 804 936 921 tempus
960 821 1003 902 c.
1031 825 1159 914 caras,
1191 824 1381 900 discedens

413 942 563 1037 Capreas
583 966 649 1015 avo
666 968 795 1032 comes,
827 945 1026 1035 Claudiam,
1060 948 1118 1019 M.
1134 944 1239 1018 Silani
1255 944 1378 1033 filiam,

414 1058 579 1157 conjugio
595 1061 747 1157 accepis
765 1062 956 1137 immanem
971 1064 1128 1139 animum
1143 1062 1287 1139 subdoli
1302 1088 1379 1137 mo-

413 1177 518 1253 destia
534 1199 667 1277 tegens,
689 1205 761 1253 non
777 1182 999 1255 damnatione
1015 1182 1146 1272 matris,
1175 1208 1247 1257 non
1261 1180 1382 1255 exsilio

413 1294 558 1373 fratrum
591 1302 692 1395 ruptb
719 1326 830 1387 voce3
869 1304 1009 1398 qualem
1037 1304 1075 1375 in
1102 1303 1198 1377 diem
1219 1300 1382 1375 Tiberius

411 1414 585 1508 induiffet,
613 1418 685 1513 pari
712 1410 849 1507 habitu,
876 1422 970 1493 baud
993 1422 1148 1495 multum
1174 1421 1382 1497 distantibus

413 1536 539 1611 verbis.
588 1538 696 1611 Unde
716 1562 802 1611 mox
830 1537 954 1613 scitum
980 1540 1124 1615 Paffieni
1142 1540 1288 1613 oratoris
1303 1538 1378 1613 dic-

412 1674 489 1727 tum
507 1656 717 1751 percrebuit,
749 1662 775 1697 ‘⁴
789 1658 918 1757 Neque
934 1660 1114 1755 meliorem
1128 1684 1300 1757 umquam
1315 1657 1380 1731 ser·
1517 1712 1524 1731 ,.

413 1780 441 1817 “
462 1798 559 1863 vum,
576 1799 689 1872 neque
705 1776 912 1851 deteriorem
925 1778 1110 1863 dominum
1124 1778 1259 1853 fuiffe.'’
1291 1780 1380 1850 Non

410 1890 585 1965 omiserim
601 1892 969 1993 prasagium'Tiberii,
993 1899 1039 1971 de
1060 1900 1132 1971 Ser.
1147 1898 1275 1986 Galba,
1300 1916 1378 1973 tum

411 2010 575 2085 consule:
607 2038 713 2109 quem
737 2012 899 2104 accitum,
934 2020 968 2089 &
995 2015 1136 2088 diversis
1164 2013 1380 2091 sermonibus

410 2148 656 2227 pertentatum,
675 2134 850 2228 postremo
865 2134 995 2209 Grecis
1015 2134 1129 2209 verbis
1144 2133 1180 2207 in
1197 2136 1287 2209 banc
1303 2134 1378 2207 sen·

409 2250 552 2323 rentiam
580 2252 761 2326 adlocutus
774 2281 787 2337 3
813 2258 843 2295 “
858 2255 905 2327 Et
931 2272 983 2342 tu,
1013 2254 1140 2343 Garba,
1167 2255 1379 2351 quandoque

410 2375 438 2413 ‘⁶
455 2369 654 2467 degustabis
678 2370 864 2466 imperium
879 2374 916 2442 :’'
942 2370 1050 2445 seram
1077 2397 1118 2447 ac
1145 2373 1288 2446 brevem
1313 2397 1377 2467 po·

409 2487 552 2561 tentiam
584 2488 791 2585 significans,
830 2488 968 2565 scienti&
1003 2492 1250 2565 Chaldaeorum
1280 2488 1377 2579 artis,

409 2605 507 2703 cujus
523 2604 727 2703 apiscendae,
740 2608 852 2682 otium
867 2610 961 2705 apud
974 2611 1159 2699 Rhodum,
1173 2609 1379 2707 magistrum

408 2724 644 2821 Thrasyllum,
670 2726 803 2817 habuit,
830 2728 991 2824 peritiam
1015 2726 1086 2825 ejus
1106 2732 1174 2805 hoc
1191 2733 1300 2805 modo
1314 2754 1376 2803 ex·

409 2864 536 2941 pertus.

457 2966 558 3037 XXI.
584 2968 792 3061 Qiorraus
820 2966 921 3064 super
952 2969 1011 3041 tali
1037 2968 1181 3065 negotio
1207 2966 1377 3043 consulta·

409 3104 473 3173 ret,
492 3084 583 3155 edita
599 3086 725 3157 domds
742 3104 854 3181 parte,
871 3112 911 3158 ac
929 3086 1040 3159 liberti
1057 3086 1160 3159 unius
1173 3085 1378 3161 conscientid

407 3204 589 3277 utebatur:
621 3202 650 3275 is
682 3202 859 3277 literarum
888 3204 1041 3302 ignarus,
1069 3230 1215 3302 corpore
1242 3206 1375 3295 valido,

409 3348 471 3419 per
497 3322 574 3396 avia
595 3348 635 3396 ac
651 3324 800 3419 derupta
830 3327 932 3418 (nam
947 3324 1034 3397 saxis
1050 3324 1177 3398 domus
1193 3323 1376 3415 imminet)

408 3440 550 3537 praeibat
563 3468 657 3531 eum,
688 3440 785 3539 cujus
800 3462 911 3515 artem
928 3442 1077 3541 experiri
1092 3440 1256 3517 Tiberius
1270 3441 1374 3517 statu·

276 3544 279 3550 ¹
408 3559 505 3644 iffet;
530 3567 563 3632 δι
596 3560 862 3659 regredientem,
895 3566 920 3634 fi
943 3560 1105 3635 vanitatis
1133 3580 1192 3634 aut
1212 3558 1374 3637 fraudum

408 3678 550 3775 suspicio
566 3679 753 3770 incefferat,
779 3680 817 3753 in
848 3678 1040 3778 subjeetum
1067 3704 1161 3753 mare
1183 3678 1375 3777 praecipita·

409 3800 483 3886 bat,
512 3824 556 3869 ne
571 3797 676 3870 index
695 3799 810 3881 arcani
827 3800 997 3873 existeret.
1045 3798 1158 3897 Igitur
1176 3797 1377 3894 Thrasyllus

409 3916 528 3990 iisdem
546 3917 690 4015 rupibus
707 3919 882 4009 indudbus,
893 3919 1076 4017 postquam
1094 3919 1377 4014 percmeuntem

410 4059 659 4131 commoverat,
696 4037 884 4136 imperium
915 4038 990 4136 ipsi,
1016 4039 1059 4110 .&
1088 4033 1204 4113 futura
1237 4036 1377 4116 sotertes
