3259 5284
446 618 748 689 Auunttum
781 614 962 690 Lus-ll.
1161 597 1269 716 129'

258 787 362 862 sextae
379 788 526 887 legionis
541 809 684 887 peteret,
717 790 815 888 quod
843 813 921 864 eam
944 786 1100 862 maxime
1131 789 1234 863 novis

259 908 406 983 consiliis
428 909 589 982 idoneam
614 912 763 1000 rebamr,
785 937 806 982 a
827 907 982 982 Pacuvio
1003 908 1120 1004 legato
1143 934 1231 1005 prae·

259 1028 407 1102 venitur.
455 1029 499 1102 Id
513 1029 649 1103 Sentius
663 1028 778 1103 Pisoni
796 1054 857 1126 per
873 1027 984 1102 literas
1001 1025 1124 1124 aperit,
1151 1053 1232 1102 mo·

258 1167 389 1246 netque
420 1155 448 1190 “
462 1174 507 1222 ne
534 1149 642 1222 castra
668 1149 942 1244 corruptoribus,
977 1171 1022 1219 ne
1057 1145 1234 1242 provinci-

262 1273 362 1339 “am
397 1269 490 1340 bello
521 1287 628 1342 tentet
641 1270 678 1340 :’'
716 1264 872 1365 quosque
912 1264 1111 1340 Germanici
1156 1289 1230 1340 me·

259 1412 387 1478 mores,
404 1405 462 1460 aut
478 1386 625 1460 inimicis
640 1384 711 1484 ejus
727 1383 884 1458 adversos
901 1403 1129 1481 cognoverat,
1149 1409 1233 1489 conf

257 1505 374 1597 trahit,
396 1505 675 1604 magnitudinem
697 1503 919 1601 Imperatoris
941 1500 1147 1576 idemtidem
1175 1501 1229 1577 in-

256 1648 393 1722 gerens,
411 1628 446 1697 &
469 1623 764 1721 “rempublicam
792 1623 895 1695 armis
912 1621 984 1718 peti
999 1622 1036 1696 :''
1069 1621 1236 1720 ducitque

258 1745 410 1817 validam
437 1769 596 1833 manum,
620 1747 654 1815 a
684 1741 808 1839 ptoelio
841 1760 1005 1838 paratam.
1239 1803 1241 1806 .

306 1865 463 1935 LXXX.
500 1863 587 1934 Nnc
616 1864 724 1950 P1so,
754 1885 970 1959 quamquam
998 1881 1116 1956 coepta
1140 1860 1235 1936 secus

259 1983 445 2070 cadebant,
483 1981 597 2054 omifit
636 1979 797 2053 tutilt'rma
838 2004 857 2052 e
895 1978 1141 2078 presentibus:
1176 1980 1235 2055 sed

260 2101 437 2174 castellum
452 2099 586 2174 Ciliciae
601 2101 775 2174 munitum
791 2101 1002 2191 admodum,
1022 2099 1079 2174 cui
1102 2125 1235 2174 nomen

258 2219 452 2310 Celendris,
481 2239 641 2317 occupat.
690 2221 789 2293 Nam
809 2219 975 2294 admixtis
991 2218 1234 2309 desertoribus,

259 2342 294 2412 a
320 2338 431 2413 tirone
455 2363 567 2435 nuper
598 2338 804 2436 intercepto,
838 2336 971 2436 suisque
997 2337 1232 2414 &Plancina

259 2456 418 2548 servitiis,
435 2457 564 2533 auxilia
574 2458 742 2548 Cilicum,
763 2484 843 2557 quae
867 2457 978 2556 reguli
1000 2455 1174 2549 miserant,
1198 2457 1235 2532 in

258 2601 444 2650 numerum
460 2576 606 2674 legionis
622 2576 871 2673 composuerat.
923 2585 950 2620 “
968 2574 1172 2674 Caesarisque
1200 2576 1235 2650 se
1356 2609 1359 2616 ⁴

260 2701 288 2739 “
305 2696 484 2793 legatum”
508 2694 694 2770 testabatur
724 2702 751 2736 “
766 2694 958 2790 provincis,
987 2719 1093 2791 quam
1116 2695 1145 2769 is
1173 2698 1234 2771 de·

260 2821 288 2856 “
305 2814 418 2903 disset,
441 2811 559 2902 arceri,
587 2836 661 2884 non
677 2837 699 2884 a
714 2811 910 2908 legionibus
937 2811 1074 2906 (ea'rurn
1100 2815 1235 2912 quippe

261 2931 420 3011 “accitu
449 2930 586 3024 venire)
622 2928 681 3003 sed
703 2955 726 3002 a
748 2930 880 3020 Sentio,
915 2929 1092 3026 privatum
1113 2933 1236 3007 odium

260 3057 289 3093 “
306 3049 394 3122 salfis
421 3049 623 3123 criminibus
637 3069 803 3147 tegente:
836 3049 1055 3122 consisterent
1083 3051 1119 3122 in
1147 3053 1234 3142 acie,

202 3154 206 3160 ¹
261 3175 290 3212 “
308 3195 381 3242 non
397 3167 599 3266 pugnaturis
616 3168 798 3257 militibus,
824 3167 886 3241 ubi
907 3165 1069 3242 Pisonem
1089 3171 1135 3242 ab
1158 3169 1236 3266 ipsrs

259 3296 288 3332 ‘⁴
300 3301 464 3386 parentem
480 3289 660 3385 quondam
681 3287 912 3384 appellatum,
930 3290 953 3359 fi
963 3285 1044 3384 jure
1060 3308 1235 3386 ageretur,

260 3412 288 3450 ‘⁶
306 3407 493 3504 potiorem,
519 3410 543 3479 fi
564 3406 682 3496 armis,
706 3431 778 3479 non
799 3405 1008 3495 invalidum,
1041 3405 1237 3480 vidissent.’'

259 3528 359 3599 Tum
388 3552 453 3623 pro
477 3525 704 3600 munimentis
735 3524 865 3599 castelli
898 3524 1096 3622 manipulos
1123 3523 1237 3622 expli-

259 3663 329 3732 cat,
347 3647 436 3718 colle
452 3646 561 3717 arduo
579 3651 613 3718 ὅτ
629 3647 804 3742 derupto;
829 3671 912 3718 narn
925 3665 1037 3719 cetera
1053 3644 1140 3718 anari
1163 3643 1237 3717 cin-

261 3767 403 3858 guntur‘.
453 3764 584 3836 Contra
613 3763 781 3854 veterani,
807 3764 988 3838 ordinibus
1010 3791 1050 3839 ac
1081 3762 1237 3837 subsidiis

173 3969 178 3978 ρ
259 3879 438 3953 instrudb':
461 3881 543 3954 hinc
559 3883 727 3974 militum,
752 3883 836 3956 inde
863 3885 1024 3959 locorum
1050 3883 1234 3981 asperitas:

259 3995 318 4076 sed
346 4023 419 4074 non
443 4000 595 4094 animus,
632 4027 706 4078 non
724 4002 813 4101 spes,
852 4030 897 4080 ne
917 4007 988 4082 tela
1011 4005 1155 4106 quidem
1177 4001 1237 4077 nifi
