3259 5284
405 559 475 655 256
630 558 1203 635 C.Conusn11Tncrrr

401 752 477 805 tum
493 728 720 823 subvertisset,
747 732 1012 807 misericordiam
1028 760 1113 833 erga
1128 733 1288 823 adflislos
1313 760 1375 832 pa·

402 850 472 925 lam
496 852 697 926 ostentabat.

450 973 606 1046 LXXII.
648 975 793 1047 Eonnnr
834 1000 926 1049 anno
966 973 1077 1063 Frisri,
1117 973 1375 1049 transrhenanus

404 1092 567 1187 populus,
598 1116 720 1187 pacem
749 1096 890 1183 exuere,
930 1094 1046 1167 nostrai
1075 1094 1188 1192 magis
1219 1093 1373 1183 avaritifi,

402 1210 511 1307 quam
539 1209 694 1307 obsequii
720 1210 948 1309 impatientes.
997 1212 1188 1286 Tributum
1211 1213 1252 1286 iis
1278 1216 1375 1287 Dru·

401 1327 456 1401 sus
475 1326 612 1427 jusserat
638 1332 832 1423 modicum,
867 1358 933 1429 pro
959 1332 1116 1431 angustis
1132 1358 1262 1421 rerum,
1293 1341 1320 1376 “
1333 1353 1375 1405 ut

403 1456 432 1491 “
451 1449 486 1521 in
503 1448 581 1523 usus
599 1449 778 1541 militares,
804 1452 895 1526 coria
911 1454 1022 1525 bourn
1039 1455 1228 1550 penderent
1244 1456 1281 1525 :'’
1302 1478 1374 1525 non

401 1568 533 1643 intentlt
549 1566 749 1667 cujusquam
762 1574 858 1660 curs,
872 1597 951 1668 quae
964 1572 1160 1662 firmitudo,
1179 1599 1257 1670 quae
1276 1598 1374 1645 men·

401 1686 501 1775 sura:
523 1690 635 1761 donec
656 1688 841 1780 Olennius,
862 1716 882 1763 e
903 1690 1185 1788 primipilaribus,
1214 1691 1374 1790 regendis

401 1809 514 1881 Frisiis
531 1808 725 1904 imposrtus,
757 1816 902 1907 “terga
917 1812 1087 1883 urorum’'
1112 1810 1256 1909 delegit,
1283 1836 1372 1908 quo·

401 1954 480 2003 rum
512 1929 556 2001 ad
589 1927 738 2001 sormam
761 1928 1008 2025 acciperentur.
1056 1930 1098 2002 Id
1127 1928 1201 2002 aliis
1231 1954 1374 2027 quoque

400 2043 596 2123 nationibus
614 2049 776 2136 arduum,
794 2048 889 2144 apud
912 2050 1108 2121 Germanos
1122 2048 1296 2121 difficilius
1318 2068 1373 2121 to·

401 2168 586 2257 letabatur,
616 2170 695 2265 quls
727 2166 924 2264 ingentium
940 2168 1135 2241 belluarum
1156 2166 1285 2241 feraces
1309 2166 1373 2239 sal·

400 2306 469 2376 tus,
495 2286 634 2361 modica
650 2286 748 2359 domi
765 2308 923 2359 armenta
939 2283 1028 2359 sunt.
1055 2290 1111 2359 Ac
1129 2285 1248 2382 primo
1265 2289 1373 2360 boves

401 2403 503 2502 ipsos,
522 2430 607 2478 mox
622 2432 734 2503 agros,
754 2405 927 2501 postremo
940 2430 1086 2501 corpora
1101 2404 1292 2503 conjugum
1308 2426 1369 2477 aut

401 2524 601 2615 liberorum,
619 2518 755 2597 servitio
772 2527 965 2598 tradebant.
978 2524 1076 2599 Hinc
1094 2522 1195 2598 ira&
1214 2526 1371 2620 questus;

402 2648 436 2717 δι
454 2646 636 2747 postquam
662 2671 731 2717 non
749 2643 985 2733 subveniebat,
1014 2642 1208 2715 remedium
1231 2668 1277 2716 ex
1297 2646 1373 2717 bel·

402 2768 461 2839 lo:
493 2765 594 2863 rapti,
620 2765 681 2863 qui
704 2764 835 2837 tributo
850 2765 991 2835 aderant
1008 2761 1145 2849 milites,
1175 2764 1209 2833 δι
1235 2762 1372 2859 patibu-

401 2886 437 2959 lo
452 2885 572 2959 adfixi.
621 2882 790 2959 Olennius
818 2881 966 2956 infensos
992 2881 1076 2979 fugfi
1106 2882 1286 2979 praevsnit,
1320 2908 1372 2955 re·

401 3016 523 3103 ceptus
541 3004 692 3093 castello,
715 3002 770 3076 cui
786 3028 916 3075 nomen
939 3002 1090 3075 Fleuum:
1119 3005 1151 3074 δι
1170 3003 1264 3073 haud
1279 3000 1372 3098 sper-

402 3126 517 3198 nenda
532 3124 602 3198 illic
620 3123 750 3197 civium
768 3122 1008 3219 sociorumque
1029 3147 1152 3194 manus
1167 3121 1265 3193 litora
1280 3123 1372 3194 Oce·

401 3244 458 3317 ani
484 3246 693 3340 praesidebat.

450 3363 623 3437 LXXIII.
640 3366 757 3458 Qron
777 3362 838 3436 ubi
855 3364 901 3436 L.
915 3360 1088 3459 Apronio,
1106 3359 1272 3434 inferioris
1285 3362 1373 3433 Ger·

403 3482 527 3557 maniae
547 3482 764 3579 propraetori,
783 3481 980 3579 cognitum,
1006 3481 1134 3554 vexilla
1149 3480 1330 3577 legionum
1351 3504 1372 3552 e

402 3600 574 3699 superiore
592 3580 783 3697 provincii,
801 3601 1028 3698 peditumque
1046 3604 1080 3675 δι
1097 3600 1256 3698 equitum
1272 3598 1373 3671 auxi-

404 3720 541 3794 liarium
562 3722 712 3794 delectos
729 3720 880 3795 accivit:
905 3746 947 3794 ac
959 3722 1057 3793 simul
1069 3740 1258 3815 utrumque
1273 3744 1372 3791 exer·

402 3841 511 3917 citum
529 3840 656 3913 Rheno
672 3842 872 3928 devestum,
890 3839 1003 3913 Frisiis
1022 3838 1157 3924 intulit;
1182 3836 1314 3936 solutoj

404 3960 531 4038 castelli
549 3959 693 4052 obsidio,
720 3963 753 4035 δι
779 3960 825 4035 ad
854 3956 913 4033 sua
933 3960 1076 4033 tutanda
1091 3958 1245 4057 digrellis
1262 3958 1374 4032 rebel-
