3259 5284
514 550 822 627 Arruntium
851 546 966 620 Lrn.
1001 544 1064 617 vl.
1211 568 1281 645 279

307 719 433 817 quibus
461 716 498 793 in
524 720 671 793 modum
690 717 908 807 defensionis,
939 715 1085 813 repetito
1102 722 1130 759 “
1148 715 1234 789 inter
1250 715 1286 790 se

308 845 458 936 “atque
493 838 634 911 Cottam
669 814 829 911 amicitiae
866 835 1052 935 principio,
1091 835 1286 933 crebrisque

309 956 423 1056 “ejus
439 955 585 1031 officiis”
610 955 906 1046 commemoratis,
941 963 969 999 “
987 980 1031 1028 ne
1047 958 1155 1029 verba
1180 955 1287 1052 prave

310 1085 338 1121 “
356 1080 504 1167 detorta,
530 1100 599 1151 neu
614 1074 853 1151 convivalium
873 1074 1072 1149 fabularum
1089 1073 1286 1172 fimplicitae

309 1203 337 1283 ‘f
355 1196 392 1271 in
408 1196 541 1271 crimen
558 1194 779 1285 duceretur,''
806 1195 1005 1292 postulavit.

307 1380 311 1385 .
355 1318 417 1389 VI.
443 1318 605 1389 luerouu
623 1312 734 1389 visum
752 1312 801 1387 est
818 1312 936 1387 eamm
952 1312 1096 1387 Caesaris
1111 1312 1287 1387 literarum

308 1434 445 1511 initium
460 1464 478 1521 ;,
499 1462 581 1511 nam
612 1433 666 1509 his
697 1431 811 1507 verbis
843 1428 983 1507 exorsus
1010 1432 1069 1506 est.
1136 1439 1165 1475 “
1187 1433 1288 1529 Qid

310 1562 337 1602 “
355 1555 502 1629 scribam
519 1554 633 1643 vobis,
663 1571 776 1650 patres
800 1549 995 1651 conscripti,
1020 1570 1080 1625 aut
1108 1552 1289 1648 quomodo

304 1681 341 1723 ·“
359 1673 519 1763 scribam,
561 1690 620 1747 aut
648 1670 733 1768 quid
766 1670 912 1745 omnino
938 1696 1010 1743 non
1028 1670 1185 1745 scribam
1218 1672 1290 1746 hoc

310 1798 338 1835 ‘⁶
356 1812 528 1888 tempore,
554 1790 603 1863 dii
627 1812 685 1863 me
708 1791 852 1887 deeque
869 1785 965 1886 pejus
993 1792 1152 1887 perdant,
1181 1790 1290 1887 quam

310 1914 339 1953 “
358 1910 468 2009 perire
484 1935 542 1983 me
558 1908 716 2007 quotidie
731 1907 855 1997 sentio,
880 1908 1025 1982 srsci0.”
1075 1906 1179 1984 Adeo
1204 1909 1288 1985 saci·

311 2054 399 2103 nora
414 2048 520 2127 atque
543 2026 676 2127 flagitia
693 2026 751 2101 sua
772 2028 834 2128 ipfi
855 2053 999 2125 quoque
1025 2028 1061 2101 in
1076 2027 1287 2125 supplicium

310 2166 494 2223 verterant.
567 2150 696 2245 Neque
728 2146 851 2221 frustra
883 2146 1170 2245 praestantissimus
1201 2146 1320 2246 sapi·'

307 2268 408 2343 cntiae
426 2270 565 2342 firmare
581 2265 696 2345 solitus
713 2266 774 2357 est,
789 2270 812 2341 fi
829 2268 1048 2339 recludantur
1063 2286 1291 2363 tyrannorum

308 2406 455 2478 mentes,
484 2388 579 2483 polle
607 2385 713 2482 aspici
738 2386 938 2461 laniatus&
962 2384 1063 2477 istus,
1093 2389 1234 2484 quando
1250 2406 1291 2460 ut

307 2532 451 2603 corpora
483 2506 698 2595 verberibus,
732 2505 780 2579 ita
813 2504 955 2595 saevitia,
998 2505 1157 2596 libidine,
1190 2506 1290 2581 malis

306 2623 483 2713 consultis,
508 2624 643 2698 animus
670 2624 886 2698 dilaceretur.
935 2623 1081 2722 Qrippe
1106 2624 1292 2700 Tiberium

231 2730 236 2739 ’
307 2766 380 2817 non
418 2740 569 2833 fortuna,
600 2768 673 2818 non
700 2740 898 2816 solitudines
930 2746 1175 2841 protegebant,
1204 2744 1291 2841 quin

306 2880 481 2937 tormenta
498 2862 646 2959 pectoris
661 2859 802 2959 suasque
818 2861 888 2958 ipse
905 2888 1026 2960 poenas
1041 2860 1217 2937 fateretur.

354 2981 434 3057 vll.
470 2981 566 3055 Tum
603 2978 691 3053 saell
725 2980 882 3077 patribus
915 2982 1084 3078 potestate
1118 2981 1290 3060 statuendi

306 3109 335 3146 “
352 3102 397 3175 de
423 3099 612 3175 Caeciliano
642 3098 808 3189 senatore,
843 3098 904 3196 qui
930 3100 1079 3196 plurima
1106 3102 1293 3175 adversum

307 3228 336 3265 “
353 3222 495 3295 Cottam
512 3216 763 3316 prompserat,’'
781 3219 961 3316 placitum,
985 3227 1013 3263 “
1028 3222 1191 3296 eamdem
1212 3248 1291 3318 poe·

308 3346 336 3385 “
355 3367 437 3417 nam
449 3339 613 3438 inrogari,
632 3364 740 3436 quam
755 3339 791 3412 in
801 3337 986 3413 Aruseium
999 3344 1033 3413 δι
1049 3340 1293 3438 Sanquinium,

309 3468 337 3505 “
356 3460 562 3537 accusatores
582 3460 627 3533 1„
646 3458 801 3533 Arruntii
815 3459 852 3531 :''
875 3484 948 3557 quo
974 3484 1047 3532 non
1065 3458 1160 3532 aliud
1177 3461 1290 3533 hono·

306 3579 492 3654 rificentius
514 3577 782 3665 Cottaelevdnit3
810 3577 872 3676 qui
889 3576 1015 3650 nobilis
1043 3578 1201 3675 quidem,
1231 3579 1291 3655 sed
1339 3579 1343 3585 ⁴

306 3722 413 3795 egens
442 3703 490 3773 ob
518 3701 659 3790 luxum,
699 3723 761 3795 per
787 3696 918 3795 flagitia
949 3696 1100 3789 infamis,
1131 3696 1290 3773 sandiffi-

305 3815 372 3890 mis
390 3817 545 3891 Arruntii
566 3818 697 3893 artibus
713 3815 884 3915 dignitate
907 3815 1048 3891 ultionis
1073 3820 1288 3915 aequabatur.

307 3934 461 4033 Quintus
491 3938 648 4015 Servaeus
675 3936 830 4035 posthac,
859 3939 893 4009 δι
918 3934 1092 4014 Minucius
1115 3937 1292 4015 Thermus

767 4054 805 4125 T
831 4078 857 4144 4
