3259 5284
387 621 467 676 m

386 795 558 870 Beroaldus
581 797 628 870 ad
649 794 834 872 lablorem:
859 797 1016 898 Qumiam
1041 807 1133 870 vetus
1155 794 1266 882 Codex,
1287 795 1367 870 mle

384 915 466 988 benc
487 918 584 1015 ipsum
611 919 837 1012 describendum
866 934 960 1016 atque
991 915 1212 1012 irruulgamdum
1242 919 1366 1002 meravi,

381 1039 527 1134 pluribus
551 1039 669 1112 mendis
683 1040 801 1131 scatet,
828 1064 948 1137 equum
977 1037 1121 1125 videtur,
1147 1033 1309 1109 letiorem
1332 1041 1368 1108 im

382 1157 487 1252 primo
511 1159 598 1255 quast
608 1164 710 1254 operis
724 1161 845 1249 limine,
862 1160 977 1252 camstlii
1001 1158 1073 1241 mei,
1103 1178 1160 1251 quo
1178 1155 1212 1224 im
1236 1166 1297 1226 tuto
1316 1155 1372 1227 boe

387 1281 504 1372 negotio
518 1279 590 1372 resur
592 1280 680 1371 stem,
705 1281 875 1353 admmete.
926 1277 1072 1374 Namque
1084 1295 1216 1361 errores,
1243 1277 1299 1369 qui
1307 1292 1367 1369 po·

386 1410 490 1470 terant
506 1401 591 1472 mulla
616 1405 805 1475 temeritatis
819 1417 892 1476 nota
905 1405 1075 1498 amendati,
1100 1417 1242 1508 consultis
1263 1419 1369 1511 primo

387 1520 538 1591 mammilio
563 1522 697 1593 emdite's
722 1523 763 1596 δεῖ
781 1529 865 1596 aeris
878 1529 1002 1624 judieii
1024 1535 1120 1618 viris,
1141 1536 1267 1605 correxi.
1318 1533 1368 1604 At

290 1653 295 1666 ·
388 1663 457 1734 que
471 1641 537 1710 lara
563 1645 708 1736 majorem
733 1645 766 1714 in
778 1647 820 1738 se
835 1649 1009 1742 carm'gendi
1021 1649 1230 1745 dffcultatem
1255 1651 1369 1724 babere

386 1757 591 1850 videbantur,
601 1763 687 1852 ficut
701 1777 804 1850 erant,
828 1766 950 1862 reliqui,
965 1771 1110 1864 appasttis
1126 1773 1268 1841 interiori
1282 1793 1370 1840 mar·

384 1878 457 1972 gini
463 1878 608 1972 stellulis,
632 1907 702 1976 qua
716 1884 860 1976 vitiostem
877 1885 1014 1958 Codicem
1034 1890 1231 1981 testarentur.
1273 1889 1370 1984 Sepa-

377 1995 502 2088 suimus
526 2023 600 2070 vero
624 2001 737 2072 librum
766 2004 799 2072 im
826 2005 910 2075 ealce
933 2009 1038 2102 quinti
1061 2009 1148 2094 libri,
1171 2011 1206 2078 in
1228 2031 1285 2103 quo
1308 2025 1371 2102 per

388 2137 545 2190 mmmmm
576 2117 755 2192 chartarum
775 2123 932 2214 stellulam
958 2125 1055 2222 ipsam
1081 2151 1148 2198 eum
1163 2127 1224 2223 suo
1248 2141 1370 2196 numero

389 2247 537 2334 tanquam
563 2237 609 2307 ad
633 2239 763 2332 careffetm
787 2243 944 2314 dicendam
977 2249 1011 2315 in
1030 2246 1188 2340 judicium
1214 2270 1367 2318 vocemus.

391 2356 443 2426 tbi
457 2356 529 2427 dem
544 2358 640 2428 letter
660 2372 716 2430 aut
738 2361 968 2450 dubitationem,
990 2376 1046 2434 aut
1061 2366 1227 2460 opinionem
1245 2366 1373 2458 nostram

390 2475 508 2561 audiet,
523 2473 579 2546 vel
589 2476 780 2570 sententiam
797 2482 981 2576 approbabit
1003 2507 1124 2569 meam,
1148 2483 1203 2554 vel
1214 2482 1367 2555 meliorem

392 2595 458 2690 ipse
487 2595 610 2690 afferet.
661 2599 809 2690 Verum,
839 2603 898 2672 etsi
931 2625 973 2674 ea
998 2600 1181 2699 diligentia
1207 2599 1241 2674 se
1269 2599 1369 2674 usum

391 2715 539 2788 ostendit
555 2719 756 2807 Beroaldus,
778 2719 823 2792 ad
839 2720 971 2794 calcem
986 2719 1066 2796 libri
1081 2718 1210 2819 quinti,
1234 2739 1274 2793 ut
1290 2718 1369 2792 illos

391 2835 481 2934 ipsos
515 2835 670 2935 quinque
698 2837 819 2928 libros,
844 2836 920 2936 jam
948 2839 1070 2913 formis
1097 2837 1253 2927 excusos,
1288 2863 1371 2912 cum

390 2956 527 3031 Codice
542 2976 657 3032 vetere
673 2957 872 3049 contulerit,
899 2963 933 3032 &
950 2985 1029 3057 quae
1041 2983 1156 3056 opera
1174 2957 1368 3047 variarunt,

392 3077 587 3151 annotarit:
616 3097 732 3152 tamen
750 3079 828 3175 post
850 3104 930 3152 eum
948 3079 1099 3152 Pichena
1116 3082 1150 3150 bc
1175 3079 1211 3172 J.
1232 3077 1372 3150 Grono-

394 3197 471 3270 vius
488 3221 559 3269 non
576 3195 713 3270 irritum
728 3199 885 3271 laborem
897 3194 1167 3285 consumserunt,
1188 3219 1273 3268 cum
1284 3221 1370 3268 eun-

393 3315 476 3389 dem
498 3335 650 3390 veterem
677 3315 849 3390 Codicem
877 3343 959 3390 cum
985 3315 1085 3389 editis
1114 3316 1315 3388 contulere:
1352 3337 1372 3387 e

393 3459 545 3533 quorum
572 3436 695 3510 notatis
723 3455 831 3534 patet,
855 3437 1062 3509 Beroaldum
1090 3435 1146 3508 vel
1173 3457 1233 3532 per
1260 3431 1371 3530 negli-

393 3555 561 3652 gentiam,
583 3554 639 3629 vel
656 3554 831 3652 scripturae
848 3554 973 3627 veteris
1000 3553 1182 3642 inscitiam,
1208 3577 1279 3625 non
1296 3575 1373 3624 rato

394 3699 415 3748 a
441 3701 523 3750 vera
548 3675 696 3748 lectione
724 3674 803 3748 libri
831 3675 1013 3764 aberrasse,
1043 3675 1140 3770 quod
1166 3671 1270 3745 etiam
1297 3669 1373 3744 aliis

393 3795 479 3868 olim
506 3794 589 3868 viris
618 3795 741 3884 dudit,
776 3798 811 3867 dc
842 3793 1038 3867 Petrarchae
1070 3791 1107 3865 in
1139 3789 1372 3865 describendis

395 3913 574 3988 Ciceronis
601 3913 765 4012 epistolis,
803 3909 940 3986 accidit.
989 3913 1056 3985 Sed
1088 3911 1176 3985 illud
1204 3908 1372 3984 monendi

396 4035 474 4109 sunt
499 4033 635 4108 studiofi
668 4036 791 4107 harum
822 4031 1011 4123 literarum,
1042 4057 1087 4103 ne
1109 4031 1261 4105 eundern
1288 4053 1373 4104 cum
