3259 5284
378 570 447 643 302
567 546 1158 625 C.Conur1.11Tnc1r1

374 717 493 804 lentes,
518 715 796 791 circumfisterent
812 744 945 817 regem,
963 718 1138 816 poscerent
1155 717 1344 815 ptoeliumt

374 856 480 933 atque
507 836 572 909 illis
595 835 666 910 sola
682 837 719 911 in
742 838 859 935 equite
875 840 927 911 vis
934 867 947 925 3
972 836 1268 912 Pharasmanes&
1285 864 1346 935 pe·

372 954 446 1027 dite
477 956 624 1029 valebat.
690 958 786 1029 Nam
819 958 912 1031 Iberi
940 956 1153 1055 Albanique,
1185 954 1346 1030 saltuosos

374 1074 471 1147 locos
499 1074 700 1164 incolentes,
729 1075 865 1149 duritia
894 1076 1134 1175 patientiaque
1155 1074 1269 1173 magis
1292 1075 1346 1147 in-

373 1191 523 1267 suevere.
584 1196 779 1291 Feruntque
821 1202 849 1237 “
874 1193 907 1267 se
934 1194 1102 1269 Thessalis
1133 1214 1238 1284 ortos,
1278 1198 1346 1293 qud

375 1312 620 1409 “tempestate
645 1313 749 1407 Jason
771 1314 849 1409 post
864 1315 1022 1386 avedtam
1037 1314 1221 1403 Medeam,
1247 1314 1346 1412 geni·

375 1439 403 1475 “
420 1432 540 1530 tosque
555 1458 599 1505 cx
611 1435 650 1505 ed
666 1433 802 1521 liberos,
816 1432 954 1505 inanem
971 1458 1056 1505 mox
1072 1432 1205 1529 regiam
1215 1434 1344 1521 AEdtae,

377 1557 404 1593 “
423 1550 615 1649 vacuosque
643 1552 797 1625 Colchos
826 1551 1022 1647 repetivit.”
1081 1554 1269 1649 Multaque
1298 1554 1345 1625 de

373 1668 514 1742 nomine
549 1668 634 1767 ejus,
676 1674 709 1743 dr
749 1672 929 1745 oraculum
974 1668 1097 1743 Phrixi
1145 1673 1341 1745 celebrant:

373 1812 438 1860 nec
460 1784 639 1885 quisquam
663 1789 768 1862 ariete
792 1788 1042 1877 sacrificaverit,
1067 1788 1203 1862 credito
1216 1791 1345 1863 vexisse

372 1906 561 1981 Phrixum:
587 1911 657 1981 five
683 1908 719 1981 id
744 1906 887 1997 animal,
920 1906 979 1981 seu
999 1906 1099 1980 navis
1113 1907 1245 2003 infigne
1267 1906 1343 1981 suit.

373 2028 552 2117 Ceterum,
576 2027 703 2101 diretta
718 2028 893 2124 utrimque
907 2026 995 2116 acie,
1017 2028 1165 2099 Parthus
1187 2033 1215 2068 “
1230 2026 1343 2123 impe·

374 2150 403 2188 “
420 2146 511 2221 rium
527 2146 690 2235 Orientis,
717 2146 956 2220 claritudinem
980 2145 1234 2235 Arsacidarum,
1260 2172 1343 2219 con·

374 2273 403 2308 “
420 2269 543 2363 tnlque
571 2265 763 2363 ignobilem
790 2268 930 2338 iberum
955 2264 1166 2337 mercenario
1192 2263 1346 2356 milite,''

372 2384 564 2460 differebat.
612 2382 871 2473 Pharasmanes,
896 2384 1088 2480 “integros
1102 2380 1207 2456 semet
1224 2410 1247 2457 a
1261 2387 1343 2458 Par-

374 2509 402 2545 “
421 2501 516 2575 thico
528 2501 730 2588 dominatu3
742 2503 873 2601 quanto
885 2500 1014 2601 majora
1023 2521 1187 2599 peterent,
1195 2504 1273 2599 plus
1281 2504 1343 2577 de·

374 2628 402 2663 “
418 2620 505 2695 cotis
519 2620 678 2711 victores,
696 2641 767 2709 aut,
787 2626 810 2694 li
828 2642 926 2719 terga
940 2623 1073 2712 darent,
1101 2621 1224 2720 flagitii
1239 2642 1344 2719 atque

373 2746 402 2783 “
421 2739 563 2837 periculi
580 2740 725 2813 laturosz
746 2742 844 2813 fimul
867 2740 1043 2815 horridam
1061 2739 1202 2814 suorum
1217 2743 1342 2831 aciem,

371 2866 397 2901 “
416 2859 505 2956 pieta
520 2884 604 2933 auro
625 2860 820 2933 Medorum
842 2857 1006 2957 agmina3
1036 2858 1117 2933 hinc
1134 2858 1239 2952 vitos,
1260 2862 1342 2935 inde

380 2983 408 3019 “
426 2980 579 3075 praedam
601 2976 810 3051 ostendere.’'
1369 3008 1372 3011 ⁴

420 3100 577 3185 XXXV.
603 3100 820 3171 Eurntvano
853 3098 947 3193 apud
974 3100 1143 3171 Sarmatas
1174 3123 1246 3171 non
1273 3124 1344 3173 una

371 3242 443 3290 uox
466 3216 588 3291 ducis:
619 3216 653 3289 se
678 3216 823 3313 quisque
849 3215 1038 3308 stimulant,
1069 3224 1158 3291 “ne
1185 3240 1341 3315 pugnam

372 3342 401 3377 “
419 3359 478 3431 per
499 3332 634 3432 sagittas
656 3334 800 3421 inirent3
830 3336 962 3433 impetu
979 3341 1013 3408 δι
1032 3335 1191 3410 cominus
1207 3359 1340 3432 prave·

371 3461 399 3496 “
418 3452 624 3526 niendum.”
688 3455 800 3527 Variae
840 3454 921 3526 hinc
938 3448 1158 3528 'bellantium
1188 3453 1341 3552 species;

369 3572 452 3645 cum
475 3572 633 3661 Parthus,
662 3569 757 3670 sequi
784 3573 840 3645 vel
869 3572 987 3669 sugere
1012 3574 1085 3671 pari
1112 3595 1183 3647 arte
1213 3570 1341 3662 suetus,

369 3690 566 3764 distraheret
583 3710 726 3780 turmas,
743 3689 890 3788 spatium
906 3691 1032 3765 idibus
1049 3712 1219 3789 quateret
1236 3721 1247 3763 ε
1264 3694 1340 3765 Sar-

370 3830 487 3901 mata,
521 3808 646 3883 omisso
669 3836 764 3900 arcu,
796 3836 868 3910 quo
900 3810 1038 3886 brevius
1065 3814 1196 3901 valent,
1229 3810 1341 3884 contis

372 3927 562 4027 gladiisque
584 3948 738 4005 ruerent:
765 3929 874 4005 modd
901 3930 1064 4027 equestris
1088 3930 1203 4028 proelii
1226 3954 1340 4019 more,
