3259 5284
449 568 454 576 ’
517 582 827 654 Auunrruru
854 581 968 652 Lru.
994 576 1039 652 ΙΙ.
1205 601 1271 674 109

297 750 402 828 sebat.
459 760 486 797 “
504 757 561 829 De
593 756 761 828 adulterio
789 754 867 828 satis
899 752 1012 826 caveri
1045 754 1123 849 lege
1157 752 1273 846 Julia'’

297 872 421 946 visum.
471 881 499 917 “
518 872 706 972 Majestatis
722 873 852 947 crimen
868 870 1054 969 distingui''
1071 870 1180 944 Caesar
1196 870 1274 970 pos·

298 993 451 1078 tulavit;
487 1000 515 1036 “
533 995 774 1090 damnarique,
809 997 833 1064 sr
867 1017 936 1090 qua
967 993 1012 1064 de
1029 991 1190 1088 Augusto
1222 992 1276 1064 in-

300 1112 503 1209 “religiose
532 1113 691 1185 dixiffet:
730 1111 768 1183 in
802 1109 836 1184 se
857 1109 962 1208 jacca,
993 1112 1086 1182 nolle
1108 1112 1153 1182 ad
1188 1137 1274 1208 cog-

302 1235 330 1272 “
349 1230 515 1303 nitionem
529 1231 681 1304 vocari.''
706 1234 938 1327 Interrogatus
955 1255 975 1300 a
991 1229 1129 1308 consule
1148 1237 1175 1272 “
1191 1230 1276 1326 quid

302 1354 330 1390 “
347 1349 392 1420 de
412 1349 466 1421 his
473 1348 642 1439 censeret,
673 1375 750 1446 quae
772 1351 817 1421 de
840 1367 948 1420 matre
965 1345 1036 1444 ejus
1053 1350 1168 1420 locuta
1182 1348 1277 1423 secus

302 1474 330 1510 “
349 1470 588 1565 argueretur,''
629 1467 788 1540 reticuit:
814 1467 912 1540 'dein
949 1466 1110 1563 proximo
1142 1466 1276 1541 senatus

298 1586 369 1677 die,
398 1587 489 1660 illius
506 1613 647 1684 quoque
664 1587 805 1660 nomine
826 1585 948 1674 oravit,
972 1592 1007 1632 ·“
1025 1609 1069 1656 ne
1091 1586 1147 1658 cui
1170 1589 1278 1660 verba

304 1705 388 1777 “in
412 1731 490 1778 earn
517 1732 663 1803 quoquo
692 1707 801 1778 modo
826 1704 944 1777 habita
966 1703 1102 1776 crimini
1126 1702 1277 1778 forent.''

300 1823 549 1921 Liberavitque
566 1824 756 1919 Apuleiam
784 1826 863 1922 lege
884 1820 1090 1919 majestatis3
1120 1823 1276 1896 adulterii

301 1944 499 2042 graviorem
531 1969 674 2040 poenam
706 1945 920 2039 deprecatus,
961 1948 989 1984 ‘⁴
1017 1963 1070 2030 ut,
1112 1946 1277 2040 exemplo

301 2071 330 2105 “
347 2061 533 2160 majorum,
561 2062 767 2159 propinquis
792 2061 857 2134 suis
884 2063 975 2134 ultra
1002 2061 1277 2135 ducentefimum

302 2181 505 2278 “lapidem
530 2182 790 2253 removeretur''
817 2179 924 2253 suasit.
975 2181 1150 2252 Adultero
1167 2181 1275 2254 Man-

300 2299 347 2371 lio
359 2300 456 2372 Italia
467 2319 572 2396 atque
588 2298 709 2372 Africa
724 2299 947 2372 interdinum
964 2300 1023 2372 est.

344 2420 409 2491 LI.
433 2421 494 2492 Da
524 2443 714 2491 PRAETORE
753 2418 789 2490 in
828 2419 947 2490 locum
976 2417 1131 2515 Vipsanii
1160 2420 1270 2510 Galli,

298 2563 406 2634 quem
439 2563 533 2610 mors
565 2537 761 2626 abstulerat,
819 2535 1054 2633 subrogandO,
1102 2561 1276 2613 certamen

300 2656 440 2728 incesfit.
489 2656 718 2728 Germanicus
746 2676 852 2752 atque
879 2653 1010 2728 Drusus
1040 2660 1140 2750 (nam
1172 2657 1278 2730 etiam

301 2794 379 2848 tum
403 2779 530 2848 Romae
551 2777 667 2867 erant)
691 2773 883 2846 Haterium
907 2773 1106 2869 Agrippam
1131 2775 1276 2872 propin-

306 2921 418 2990 quum
437 2893 639 2966 Germanici
654 2891 844 2966 fovebant:
872 2894 993 2964 contra
1018 2893 1170 2989 plerique
1195 2893 1282 2966 nire-

302 3017 442 3103 bantur‚
469 3033 509 3086 ut
532 3037 696 3099 numerus
712 3011 901 3085 liberorum
922 3008 958 3082 in
980 3009 1170 3083 candidatis
1193 3037 1280 3107 prae·

302 3135 458 3229 polleret,
490 3133 588 3228 quod
605 3134 663 3204 lex
670 3129 828 3227 jubebat.
878 3131 1079 3202 Laetabatur
1094 3129 1272 3220 Tiberius,

302 3247 384 3323 c'irm
402 3250 490 3323 inter
507 3250 597 3323 filios
624 3249 700 3348 ejus
723 3256 756 3323 δι
779 3251 873 3346 leges
892 3248 1025 3322 senatus
1050 3248 1278 3345 disceptaret;

302 3371 395 3443 viera
425 3371 474 3442 est
508 3374 576 3441 sme
608 3370 719 3443 dubio
749 3371 831 3441 lex:
858 3366 917 3440 sed
945 3393 1058 3466 neque
1085 3368 1212 3459 statim,
1245 3377 1279 3442 &

303 3488 420 3584 paucis
443 3487 636 3586 suffragiis:
664 3488 857 3585 quomod0,
885 3486 991 3560 etiam
1008 3488 1090 3561 cum
1112 3492 1279 3579 valerent,

303 3609 397 3702 leges
414 3606 653 3682 vincebantur.

349 3726 431 3796 LII.
458 3728 602 3800 Eonnm
627 3754 718 3800 anno
747 3747 906 3823 coeptum
928 3727 965 3800 in
993 3725 1113 3802 Africa
1129 3730 1277 3818 bellum,

208 3905 217 3948 ,Υ
302 3842 392 3913 duce
407 3842 558 3917 hostium
573 3844 814 3919 Tacfarinate:
845 3846 873 3920 is
890 3847 1028 3920 natione
1045 3847 1217 3936 Numida,
1243 3847 1278 3918 in

302 3959 416 4046 castris
434 3963 604 4038 Romanis
619 3964 798 4039 auxiliaria
814 3965 985 4063 stipendia
1006 3967 1163 4058 meritus,
1192 3990 1278 4038 mox
