3259 5284
390 617 440 684 44
627 591 669 664 C.
698 593 939 668 Conunnrr
966 597 1147 674 Tncrrr

390 784 594 862 pernrptum
621 765 756 840 hostem
788 765 954 866 redigunt
975 768 1012 843 in
1041 791 1171 868 aperta,
1211 775 1369 850 cadunt·

389 910 484 982 que:
517 887 617 958 fimul
650 885 754 984 primi
787 886 939 986 agminis
956 890 1066 986 copiae
1090 891 1226 967 evasere
1255 898 1368 989 filvas,

387 1005 563 1104 castraque
595 1006 869 1082 communivdre.
936 1009 1107 1110 Qiietum
1145 1012 1229 1086 inde
1276 1015 1366 1091 iter:

387 1125 566 1223 fidensque
592 1126 801 1218 recentibus,
832 1154 873 1200 ac
902 1128 1056 1226 priorum
1089 1131 1219 1205 oblitus
1252 1135 1365 1228 miles,

388 1245 425 1317 in
447 1245 599 1320 hibernis
615 1249 756 1320 locatur.

436 1367 518 1440 LII.
543 1369 769 1440 Nuurrnrn
796 1395 837 1441 ea
864 1367 1048 1442 Tiberium
1067 1369 1187 1446 laetitit
1214 1377 1367 1474 curaque

386 1483 568 1560 adfecere:
599 1489 774 1586 gaudebat
801 1491 999 1586 oppressam
1031 1488 1260 1580 seditionem;
1288 1494 1363 1588 sed,

387 1606 487 1704 qubd
513 1607 699 1705 largiendis
726 1608 897 1704 pecuniis,
940 1613 973 1682 δι
1017 1609 1173 1684 missione
1211 1611 1366 1690 festinata

387 1726 543 1801 favorem
588 1727 741 1800 militum
780 1729 1000 1825 quaesrviffet,
1052 1729 1176 1804 bellica
1220 1759 1364 1832 quoque

387 1846 590 1921 Germanici
618 1847 738 1946 gloria,
772 1850 977 1947 angebatur.
1028 1849 1166 1922 Retulit
1183 1870 1301 1925 tamen
1318 1855 1364 1927 ad

388 1965 545 2040 senatum
561 1969 723 2041 derebus
741 1968 858 2066 gestis,
888 1970 1071 2066 multaque
1087 1972 1133 2043 de
1148 1970 1277 2046 virtute
1293 1971 1364 2072 ejus

387 2087 611 2178 memoravit,
638 2087 751 2186 magis
780 2087 995 2186 inspeciem
1040 2089 1153 2163 verbis
1182 2094 1360 2194 adornata,

388 2207 498 2304 quarn
530 2227 570 2280 ut
587 2207 723 2304 penitus
738 2205 860 2280 sentire
878 2209 1082 2282 crederetur.
1135 2211 1364 2288 Paucioribus

387 2326 554 2416 Drusum,
586 2333 620 2400 δι
655 2329 763 2400 finem
792 2327 923 2425 lllyrici
949 2330 1065 2401 morsis
1093 2329 1274 2417 laudavit3
1302 2329 1362 2407 sed

387 2447 566 2538 intentior,
600 2451 635 2520 a
652 2449 723 2520 fida
734 2447 912 2520 oratione:
943 2449 1142 2546 cundlaque
1170 2475 1249 2546 quae
1272 2453 1362 2524 Ger-

387 2565 547 2642 manicus
573 2565 771 2658 indulserat,
792 2566 953 2658 servavit,
986 2567 1092 2642 etiam
1109 2570 1205 2666 apud
1222 2571 1361 2647 Panno·

388 2688 487 2766 nicos
512 2687 695 2761 exercitus.

445 2809 545 2882 LIII.
584 2811 729 2880 Eonnru
754 2833 861 2898 anno,
901 2807 996 2903 Julia
1036 2806 1237 2906 supremum
1264 2811 1361 2888 diem

384 2928 489 3020 obiit,
531 2931 579 3002 ob
604 2927 864 3025 impudicitiam
890 2927 976 3000 olim
1013 2953 1033 2999 a
1076 2947 1173 3024 patre
1199 2930 1361 3028 Augusto

387 3048 594 3124 Pandataril
609 3045 731 3137 insulrl,
758 3073 845 3120 mox
863 3046 996 3145 oppido
1015 3046 1275 3144 Rheginorum,
1300 3049 1362 3147 qui

387 3169 544 3243 Siculum
560 3167 687 3241 fretum
704 3171 882 3256 accolunt,
901 3165 1026 3240 clausa.
1077 3169 1202 3253 Fuerat
1226 3167 1262 3240 in
1285 3195 1361 3243 ma-

275 3352 278 3358 .
365 3279 554 3365 'trimonio
567 3287 715 3376 Tiberii,
740 3288 941 3360 florentibus
960 3286 1048 3359 Caio
1080 3289 1113 3358 δι
1140 3286 1257 3362 Lucio
1283 3291 1363 3363 Cte-

389 3408 530 3499 fatibus,
556 3407 798 3504 spreveratque
814 3427 854 3479 ut
871 3406 1064 3505 imparem:
1100 3431 1165 3479 nec
1194 3407 1262 3480 alia
1288 3427 1362 3486 tam

389 3529 513 3602 intima
528 3527 672 3601 Tiberio
698 3506 811 3615 causa,
847 3553 909 3600 cur
937 3529 1110 3601 Rhodum
1137 3527 1359 3604 abscederet:

387 3649 575 3747 imperium
601 3649 761 3745 adeptus,
794 3667 983 3739 extorrem,
1014 3647 1196 3739 infamem,
1227 3651 1261 3722 u
1288 3649 1365 3747 post

390 3767 607 3842 intersectum
639 3767 844 3842 Postumum
890 3768 1102 3867 Agrippam,
1146 3769 1262 3845 omnis
1293 3768 1365 3868 spei

388 3914 552 3988 egenam,
571 3887 689 3985 inopia
704 3914 745 3961 ac
761 3891 843 3961 tabe
860 3890 966 3987 longa
995 3890 1155 3985 peremit,
1182 3889 1364 3964 obscuram

390 4007 463 4091 fore
479 4033 601 4084 necem
614 4008 871 4109 longinquitate
888 4007 995 4085 exsilii
1012 4030 1116 4087 ratus.
1165 4013 1233 4088 Par
1265 4007 1365 4084 causa
