3259 5284
352 601 449 678 xxiv·

352 768 437 842 alios
465 769 632 842 latuerant
660 769 808 846 correxit
820 799 832 858 3
857 769 1001 870 suasque
1034 787 1132 846 notas
1157 771 1269 872 Lipfii
1303 775 1339 848 δι

352 887 498 984 Joannis
514 889 544 961 F
546 890 686 964 rederici
704 891 878 966 Gronovii
896 890 1158 966 commentariis
1171 892 1335 966 addidit:

352 1007 493 1080 alteram
510 1008 713 1098 editionem,
733 1037 840 1108 quam
856 1036 902 1083 ex
920 1009 1034 1106 priore
1051 1009 1167 1084 nostra
1184 1011 1336 1085 editione

353 1127 472 1222 paullo
505 1126 685 1204 meliorem
712 1129 808 1221 lecit,
843 1154 936 1204 anuo
965 1155 1190 1205 uoccaxxrt
1221 1129 1337 1227 publi-

352 1246 455 1322 cavit.
1309 1226 1314 1234 .

398 1368 551 1440 Postta
571 1368 727 1466 prodiere
743 1369 971 1468 elegantiores
988 1368 1155 1444 editiones
1171 1365 1335 1465 Glalguae

350 1511 443 1559 anno
460 1511 666 1577 nocetur,
695 1488 854 1563 Londini
877 1514 970 1562 anno
986 1511 1158 1562 unccrx.
1208 1488 1272 1560 llla
1293 1506 1335 1560 ut

348 1607 384 1700 J.
402 1606 587 1695 Gronovii‚
612 1610 686 1682 haec
702 1627 742 1681 ut
759 1608 893 1704 Ryckii
914 1610 1094 1706 exemplar
1112 1605 1334 1702 exprimeret.

351 1726 526 1798 Eamdem
545 1725 752 1824 elegantiam
781 1726 915 1800 Parisris
935 1752 1028 1800 anno
1056 1749 1212 1800 uocctx
1235 1721 1335 1798 exbi-

348 1843 426 1916 buit
455 1844 510 1916 Cl.
540 1846 693 1939 Joannes
720 1845 890 1919 Nicolaus
917 1847 1196 1934 Limnaion,
1227 1867 1335 1940 quam

344 1961 403 2034 sub
421 1965 503 2036 curli
531 1962 689 2061 notisque
716 1961 855 2061 insuper
874 1963 1063 2038 illustravit.
1111 1966 1153 2036 ln
1173 1963 1239 2036 hac
1260 1961 1334 2035 edi·

348 2082 442 2156 tione
458 2081 632 2156 Paristenfi
645 2081 786 2155 omissus
802 2082 851 2155 est
862 2083 1034 2181 Dialogus
1048 2083 1094 2156 de
1109 2081 1331 2172 Oratoribus,

347 2201 462 2301 quiin
484 2202 648 2275 omnibus
667 2200 876 2280 editionibus
899 2201 979 2275 ante
1003 2220 1259 2298 comparuerat.

396 2322 513 2393 Snrrs
543 2323 581 2392 lit
604 2319 795 2417 praeoipuos
811 2319 926 2394 Taciti
949 2320 1096 2396 editores
1123 2317 1334 2394 recensuille.

349 2441 436 2529 Eos,
475 2436 536 2535 qui
572 2436 608 2510 in
643 2463 765 2510 omnes
799 2436 872 2534 ejus
909 2438 1030 2529 libros,
1076 2439 1135 2512 vel
1165 2440 1331 2536 fingulos‚

348 2578 462 2648 notas,
490 2556 819 2650 animadversiones,
861 2558 1130 2633 commentarios
1157 2555 1331 2654 conscrip-

348 2678 477 2767 serunt,
509 2702 784 2752 commemorare
808 2677 987 2751 inlinitum
1003 2677 1093 2752 soret
1119 2702 1161 2750 ac
1175 2673 1332 2748 fastidio-

347 2796 435 2870 sum.
485 2796 594 2870 Multi
622 2796 719 2874 enim
756 2795 987 2886 illaudabiles,
1016 2797 1135 2894 quales
1163 2793 1332 2870 AEmilius

347 2913 1331 3006 Famulus,carolusmscmnus,Ludovicusn’os

351 3060 478 3110 nunus
510 3039 577 3108 &o
627 3033 801 3109 Nonnulli
829 3053 947 3107 tamen
971 3033 1105 3107 nobiles
1123 3039 1157 3106 δι
1181 3032 1330 3138 egregii!

349 3176 388 3229 ut
421 3159 478 3229 M.
508 3153 686 3227 Antonius
715 3155 932 3241 Mutatus,
966 3150 1113 3226 Fulvius
1139 3153 1331 3242 Ursinus,

348 3277 466 3370 Hugo
490 3275 686 3359 Gnosius,
713 3270 840 3344 Daniel
867 3271 1085 3362 Hismarus,
1115 3267 1331 3344 Godefridus

350 3391 574 3466 Guillielmus
603 3393 866 3478 Lutuutrtus,
904 3393 939 3462 &
963 3389 1022 3463 alii
1050 3415 1140 3486 quos
1173 3413 1239 3486 pro
1263 3388 1332 3461 loci

350 3509 610 3608 opportunitate
632 3513 666 3583 δι
683 3507 830 3584 utilitate
856 3507 1002 3583 libenter
1025 3510 1187 3608 ultroque
1207 3507 1327 3580 lauda-

349 3627 479 3711 bimus.

398 3750 544 3825 Vrion
578 3747 659 3824 clun
693 3747 808 3820 minus
835 3747 1021 3844 voluptati,
1054 3748 1164 3846 quam
1195 3744 1332 3820 utilitati

351 3865 517 3967 publica,
540 3863 674 3962 scriptis
702 3865 768 3939 suis
785 3867 982 3940 consultum
1003 3865 1151 3951 voluerit
1173 3865 1330 3957 Tacitus,

350 4013 436 4092 gens
452 3981 559 4068 ferme
575 3987 672 4068 uuus
687 3985 749 4075 est,
779 4011 860 4092 quse
875 4011 956 4062 eum
973 3984 1178 4084 indigenam
1198 4010 1240 4064 ac
1266 4011 1330 4083 pov
