3259 5284
375 524 421 599 50
565 497 915 570 crosis-:211
963 501 1156 573 Tncr‘rr

372 669 544 764 pientibus
561 690 643 760 erat,
664 672 723 768 spe
749 675 804 745 vel
823 674 941 746 dolore
964 673 1138 770 accipitur.
1190 673 1343 747 Armini-

372 813 448 876 um,
478 787 576 884 super
607 790 740 863 insuam
773 791 991 880 violentiam,
1016 813 1114 888 rapta
1141 819 1243 882 uxor,
1265 793 1344 866 sub-

366 901 479 1000 jeetus
495 906 628 980 servitio
657 909 773 981 uxoris
796 929 925 998 uterus,
952 912 1140 984 vecordem
1168 916 1341 1008 agebant:

373 1024 609 1123 volitabatque
638 1053 700 1124 per
727 1026 933 1116 Cheruscos,
964 1052 1059 1098 arma
1088 1027 1123 1098 in
1152 1031 1342 1126 Segestem,

373 1167 468 1215 arma
485 1143 521 1216 in
538 1143 707 1219 Caesarem
724 1144 887 1242 poscens:
913 1171 1026 1242 neque
1055 1146 1186 1242 probris
1208 1167 1342 1242 tempe-

372 1265 479 1335 rabat.
519 1271 547 1303 “
568 1264 760 1361 Egregium
777 1267 933 1361 patrem!
965 1289 1135 1360 magnum
1157 1263 1343 1360 imperato-

374 1382 402 1418 “
419 1382 514 1451 rem!
558 1379 683 1456 fortem
710 1383 920 1456 exercitum!
958 1408 1105 1478 quorum
1135 1401 1187 1454 tot
1223 1407 1344 1454 manus

374 1503 527 1572 “unam
557 1502 795 1575 mulierculam
821 1501 1008 1576 averterint.
1083 1503 1154 1575 Sibi
1191 1522 1256 1572 tres
1294 1501 1341 1570 le-

285 1615 288 1620 ’
375 1625 403 1668 “
422 1619 555 1715 giones,
600 1620 745 1697 totidem
783 1623 916 1718 legatos
966 1619 1193 1717 procubuisse.
1245 1621 1343 1712 ¹Non

376 1737 574 1811 “enimse
602 1739 809 1836 proditione,
849 1765 963 1835 neque
1000 1739 1162 1811 adversus
1197 1735 1342 1809 feminas

328 1837 334 1850 ⁴
376 1861 405 1897 “
424 1857 595 1952 gravidas,
623 1856 681 1930 sed
708 1859 825 1954 palam
851 1859 1013 1930 adversus
1047 1877 1196 1930 armatos
1212 1856 1344 1927 bellum

375 1980 404 2016 “
421 1977 585 2048 tractare:
634 1976 726 2048 cerni
755 1978 869 2050 adhuc
897 1979 1153 2048 Germanorum
1189 1973 1226 2046 in
1258 1972 1345 2045 lucis

376 2096 518 2188 “signa
546 2098 722 2183 Romana,
755 2121 833 2191 quae
869 2095 934 2167 diis
966 2093 1083 2190 patriis
1109 2091 1344 2188 suspenderit:

378 2212 548 2284 “coleret
580 2211 733 2308 Segestes
755 2194 886 2286 littam
915 2212 1049 2308 ripam;
1085 2213 1241 2284 redderet
1274 2209 1346 2281 filio

376 2334 407 2372 “
424 2326 672 2401 sacerdotium:
706 2331 885 2404 hominem
909 2332 1101 2402 Germanos
1151 2352 1345 2423 numquam

377 2455 406 2491 “
422 2445 497 2518 satis
515 2447 745 2536 excusaturos,
770 2449 867 2544 quod
880 2449 968 2520 inter
981 2446 1102 2520 Albim
1125 2451 1157 2519 &
1178 2447 1344 2518 Rhenum

377 2572 406 2610 “
425 2565 552 2662 virgas,
591 2569 624 2638 δι
662 2564 804 2654 secures,
841 2571 874 2638 δι
906 2586 1026 2662 togam
1047 2563 1207 2636 viderint.
1257 2561 1346 2634 Aliis

378 2691 406 2726 “
424 2683 599 2781 gentibus,
639 2682 832 2780 ignoranti&
862 2682 999 2779 imperii
1044 2680 1213 2770 Romani,
1250 2679 1346 2752 inex-

379 2808 407 2844 “
425 2822 519 2898 perta
535 2803 602 2876 effe
618 2799 797 2897 supplicia,
821 2801 931 2876 nescia
948 2801 1099 2874 tributa:
1129 2826 1208 2896 quae
1238 2824 1347 2895 quan-

378 2928 406 2964 “
424 2923 471 2994 do
487 2919 658 3012 exuerint,
680 2920 865 3017 inritusque
887 2919 1068 2993 discefferit
1092 2919 1148 2990 ille
1170 2917 1259 2994 inter
1283 2941 1347 2988 nu·

378 3040 519 3112 “mina
545 3038 677 3111 dicatus
701 3039 893 3134 Augustus,
917 3038 973 3110 ille
992 3039 1152 3112 ‚delettus
1173 3034 1346 3122 Tiberius,

379 3166 469 3229 “ne
499 3155 698 3251 imperitum
722 3154 1028 3244 adolescentulum,
1074 3179 1117 3225 ne
1149 3150 1348 3224 seditiosum

378 3283 407 3340 ‘f
426 3274 614 3346 exercitum
647 3272 876 3368 pavescerent.
926 3273 959 3344 Si
989 3272 1149 3369 patriam,
1178 3288 1346 3366 parentes,

379 3400 406 3438 “
423 3371 566 3489 antiqua
592 3392 747 3479 mallent,
778 3391 898 3487 'qu‘arn
925 3391 1100 3478 dominos,
1126 3393 1160 3461 δι
1194 3387 1346 3459 colonias

379 3518 407 3556 “
426 3537 558 3594 novas;
586 3508 787 3581 Arminium
815 3508 931 3604 potius
955 3507 1075 3606 gloriae
1104 3532 1143 3579 ac
1168 3505 1348 3595 libertatis,

380 3637 409 3672 “
427 3628 534 3725 quim
558 3627 733 3724 Segestem
762 3624 938 3725 flagitiose
955 3625 1122 3700 servitutis
1150 3627 1276 3699 ducem
1299 3621 1349 3700 se-

380 3757 409 3805 l*
428 3748 648 3853 querentur.''
