3259 5284
401 582 471 659 250
618 560 1193 635 C.ConuaarrTncrrr

396 732 491 831 apud
517 730 669 807 senatum
697 736 743 807 ab
770 732 981 826 inlustribus,
1015 734 1177 832 famaque
1190 731 1286 829 apud
1303 758 1373 829 po·

397 854 535 949 pulum,
551 852 632 949 quia
650 855 716 925 fine
733 853 935 943 ambitione,
954 872 1012 927 aut
1028 853 1269 951 proximorum
1286 878 1371 949 pre·

394 970 508 1059 cibus,
539 970 676 1067 ignotos
693 972 810 1061 etiam,
831 976 864 1045 a
884 976 975 1046 ultro
990 972 1132 1061 accitos,
1156 970 1369 1045 munificen-

394 1090 440 1163 til
449 1088 597 1185 juverat.
611 1092 801 1165 Adduntur
817 1089 1001 1181 sententiae,
1019 1111 1058 1165 ut
1070 1116 1173 1164 mons
1184 1090 1312 1165 Caelius
1328 1091 1369 1163 in

394 1208 569 1307 posterum
598 1210 751 1309 Augustus
777 1212 1031 1307 appellaretur:
1062 1210 1205 1309 quando
1232 1212 1371 1285 cuneus

393 1328 526 1401 circum
556 1329 793 1425 flagrantibus,
823 1326 894 1401 sola
919 1329 1052 1403 Tiberii
1085 1328 1214 1427 effigies
1244 1333 1304 1402 fita
1327 1328 1367 1401 in

391 1448 501 1519 domo
525 1448 619 1541 Junii
642 1446 802 1519 senatoris
818 1447 983 1521 inviolata
999 1448 1178 1521 manfilset.
1229 1456 1258 1491 “
1271 1451 1366 1521 Eve-

392 1573 421 1610 “
440 1566 523 1639 nilse
555 1566 590 1640 id
623 1566 708 1639 olim
723 1565 879 1639 Claudiae
896 1566 1076 1661 Quoia,
1102 1564 1241 1665 ejusque
1255 1566 1364 1640 statu·

392 1694 421 1729 “
437 1712 495 1759 am
524 1686 596 1757 vim
625 1684 761 1783 ignium
778 1684 833 1757 bis
848 1684 1010 1781 elapsam,
1044 1684 1189 1783 majores
1204 1687 1298 1783 apud
1314 1712 1362 1759 ae·

393 1807 522 1879 “dem
548 1804 674 1879 Matris
701 1804 809 1876 deum
837 1802 1105 1877 consecraviffe:
1142 1806 1273 1879 sanetus
1303 1831 1362 1878 ac·

391 1934 418 1969 “
437 1922 623 2023 ceptosque
650 1922 850 1996 numinibus
881 1925 1070 1997 Claudios:
1100 1928 1134 1997 δι
1162 1926 1362 2023 augendam

391 2052 418 2089 “
436 2043 670 2117 caerimoniam
688 2044 779 2131 loco,
810 2043 846 2115 in
868 2070 940 2140 quo
956 2063 1093 2117 tantuna
1109 2043 1147 2115 in
1162 2044 1362 2141 Principem

389 2164 607 2235 “honorem
632 2160 680 2233 dii
704 2162 952 2235 ostenderint.''

435 2283 552 2355 LXV.
590 2283 717 2354 Hnun
749 2279 851 2353 fuerit
878 2280 1066 2355 absurdum
1091 2282 1240 2373 tradere,
1258 2306 1358 2354 mon-

386 2422 459 2474 tem
489 2426 570 2473 eum
597 2399 786 2496 antiquitus
813 2400 1098 2499 Qerquetulanum
1124 2420 1361 2498 cognomento

386 2520 498 2611 fuisse,
550 2519 645 2618 quod
681 2518 759 2591 talis
792 2520 883 2592 filvae
912 2515 1086 2615 frequens,
1124 2518 1361 2616 fecundusque

386 2659 482 2714 erat:
510 2642 597 2711 rnor'r
618 2638 744 2709 Caelium
761 2637 1000 2734 appellitatum
1028 2664 1050 2711 a
1075 2638 1170 2710 Caele
1185 2639 1358 2727 Vibenni,

386 2760 446 2858 qui
460 2760 536 2831 dux
554 2758 665 2855 gentis
693 2757 860 2845 Etruscae,
887 2758 968 2831 cum
995 2756 1166 2829 auxilium
1194 2758 1239 2829 ad
1266 2758 1358 2831 bella

384 2878 601 2968 duaaviffet,
631 2876 747 2951 sedem
785 2900 863 2947 eam
889 2895 1070 2972 acceperat
1105 2902 1126 2948 a
1165 2876 1358 2973 Tarquinio

384 2998 512 3088 Prisc0,
534 2996 592 3071 seu
614 2996 691 3095 quis
715 2995 799 3069 alius
819 3019 943 3091 regum
966 2994 1085 3066 dedit:
1114 3018 1197 3067 narn
1213 2990 1356 3090 scripto·

383 3146 436 3193 res
465 3118 499 3191 in
516 3144 558 3191 eo
575 3116 797 3190 diffentiunt:
833 3134 945 3187 cetera
971 3138 1048 3185 non
1075 3112 1243 3210 ambigua
1264 3112 1354 3204 sunt,

382 3264 527 3336 magnas
556 3262 611 3309 eas
636 3234 752 3331 copias
784 3258 846 3329 per
873 3233 974 3329 plana
1000 3232 1103 3303 etiam
1125 3258 1166 3304 ac
1185 3231 1259 3305 foro
1276 3258 1355 3329 pro-

381 3358 514 3457 pinqua
529 3354 745 3443 habitavisse,
759 3353 854 3425 unde
872 3350 1000 3443 Tuscum
1014 3354 1118 3422 vicum
1141 3375 1162 3423 e
1179 3354 1353 3426 vocabulo

382 3478 597 3549 advenarum
622 3472 767 3544 dietum.

437 3595 573 3668 LXVI.
614 3594 688 3664 San
716 3608 754 3661 ut
782 3588 894 3662 studia
922 3614 1122 3685 procerum,
1158 3589 1354 3687 &largitio

380 3712 562 3814 principis,
597 3709 781 3782 adversum
814 3705 933 3780 casum
980 3707 1140 3781 solatium
1177 3711 1352 3794 tulerant;

379 3836 427 3911 ita
450 3830 682 3906 accusatorum
709 3826 819 3925 major
844 3826 880 3899 in
903 3827 977 3899 dies
995 3831 1028 3898 δι
1045 3825 1198 3901 infestior
1215 3827 1268 3900 vis
1285 3832 1354 3900 fine

238 3974 240 3988 '
380 3956 579 4031 levamento
619 3950 852 4052 graffabatur:
908 3945 1185 4045 corripueratque
1220 3949 1354 4019 Varum
