3259 5284
373 609 442 709 196

373 780 478 876 bella,
510 788 594 891 casa
632 780 881 891 Tacfarinate.
926 786 1106 867 XXVII.
1140 786 1251 865 Mota
1270 800 1342 894 per

372 914 523 993 Italiam
542 916 696 1025 semilis
733 916 819 996 belli
841 918 983 1025 semina
1004 915 1135 1024 statim
1170 916 1340 1025 appreffls.

373 1046 571 1127 XXVIII.
626 1047 750 1127 Vibius
786 1050 938 1128 Serenus
970 1076 994 1126 a
1021 1047 1104 1155 filia
1140 1050 1340 1155 accuſsstus.

373 1179 426 1257 P.
448 1178 597 1273 Suilius,
615 1178 821 1258 Cremutius
841 1178 993 1273 Cordus,
1018 1178 1148 1287 aliique
1166 1177 1341 1259 damnati.

373 1309 569 1389 XXXVI.
583 1309 772 1417 Cyzicenis
781 1310 929 1391 libertas
938 1309 1341 1419 adempta.XXXVII.

374 1434 541 1519 Tiberius
560 1440 708 1549 spernit
739 1441 865 1548 templi
891 1442 1052 1522 honorem
1087 1442 1134 1521 ab
1167 1440 1342 1550 Hispanis

372 1569 541 1651 ablatum.
593 1572 790 1651 XXXIX.
830 1572 994 1677 Sejanus,
1040 1570 1151 1652 nimicl
1176 1560 1341 1679 fartim

356 1705 497 1806 ficars,
535 1702 689 1783 Liviam
700 1702 781 1808 fibi
808 1733 950 1783 uxorem
973 1704 1086 1813 petit.
1116 1708 1222 1785 XLI.
1244 1707 1339 1783 Ma-

372 1834 610 1941 trimoniispe
626 1832 790 1940 dejeltus,
817 1834 1026 1942 Principem
1043 1832 1096 1914 ad
1108 1833 1225 1919 vitam
1245 1852 1338 1943 pra-

371 1966 438 2045 cul
450 1967 564 2045 Ramd
582 1960 770 2071 degendam
787 1962 952 2073 impellit.
991 1964 1140 2046 XLIII.
1163 1966 1340 2075 Legatio-

370 2124 433 2175 nes
451 2098 662 2176 Gracarum
679 2095 721 2175 de
734 2097 911 2205 essylarum
913 2096 1016 2203 jure.
1061 2101 1211 2179 XLIV.
1233 2100 1341 2177 Mars

373 2226 446 2308 Cn.
468 2226 624 2306 Lentuli
657 2229 700 2307 ὅ
737 2231 791 2307 L.
810 2226 978 2311 Domitii.
1024 2230 1157 2311 XLV.
1186 2230 1238 2308 L.
1258 2226 1341 2335 Piso

370 2360 410 2439 in
422 2359 604 2466 Hypauid
614 2357 847 2465 interficitur.
865 2358 1019 2442 XLVI.
1038 2362 1200 2467 Cantusts
1214 2354 1339 2440 Thra-

370 2519 451 2572 cum
463 2487 645 2596 gentibus,
681 2490 861 2599 triumphi
894 2491 1045 2599 irfigaia
1075 2490 1207 2599 accipit
1238 2492 1339 2599 Pap-

362 2639 470 2731 paeus
488 2620 655 2702 Sabinus.
697 2622 791 2703 LII.
815 2621 970 2703 Claudia
988 2624 1155 2704 Pulchra
1171 2618 1344 2703 adulterii

367 2757 537 2862 accuststa
555 2754 598 2833 &
618 2752 801 2833 damnata.
848 2754 958 2835 LIII.
993 2754 1205 2862 Agrippina
1222 2754 1338 2834 mari-

369 2866 449 2968 tum
459 2885 541 2992 fibi
557 2886 727 2994 postulat,
763 2915 827 2965 nec
857 2885 1001 2967 obtinet.
1047 2890 1135 2967 LV.
1173 2884 1340 2967 Undecim

367 3022 470 3127 Asta
499 3018 603 3099 urbes
634 3036 790 3113 certant,
832 3018 870 3097 in
914 3022 985 3128 qud
1020 3046 1143 3099 earum
1173 3020 1341 3126 templum

329 3208 336 3223 ·
368 3148 511 3233 Tiberii
518 3150 761 3256 statueretur.
820 3148 1000 3257 Smyrnaei
1008 3148 1179 3257 praelati.
1210 3150 1339 3232 LVII.

369 3278 536 3363 Tiberius
564 3280 603 3359 in
635 3278 871 3387 Campaniam
890 3277 1042 3389 secedit.
1077 3279 1139 3360 Ibi
1159 3283 1340 3391 repentina

366 3412 524 3522 lapidum
554 3414 656 3521 lapfie
678 3410 960 3520 periclitantem,
1002 3398 1149 3521 appastta
1165 3430 1339 3521 corpore,

361 3545 522 3655 pericula
551 3543 674 3624 eximit
693 3541 858 3648 Sejanus,
897 3572 941 3622 ex
969 3573 1006 3623 ea
1035 3543 1162 3649 mcy'ar,
1197 3546 1240 3623 ὅθ
1267 3542 1337 3623 ad-

367 3677 493 3757 versus
513 3674 724 3768 Germanici
737 3673 891 3781 stirpem
920 3674 1101 3755 audacior.
1141 3674 1232 3755 LX.
1250 3676 1338 3763 Ne·

368 3837 487 3890 ranem
503 3804 731 3913 adgreditur.
776 3807 876 3887 LXI
880 3805 914 3887 Ι.
948 3806 1067 3916 Apud
1080 3806 1237 3887 Fidenas
1254 3836 1335 3887 am-

362 3937 572 4052 phitheatri
597 3940 680 4045 caste
711 3936 973 4046 quinquaginta
1012 3936 1188 4017 hominum
1226 3938 1339 4018 millia

367 4070 566 4167 debilitata,
593 4068 659 4149 vel
681 4068 829 4150 obtrita.
864 4068 1010 4153 LXIV.
1042 4070 1165 4151 Ramae
1200 4067 1337 4176 deustus
