<?xml version="1.0" encoding="UTF-8"?>
<!DOCTYPE html PUBLIC "-//W3C//DTD XHTML 1.0 Transitional//EN"
    "http://www.w3.org/TR/xhtml1/DTD/xhtml1-transitional.dtd">
<html xmlns="http://www.w3.org/1999/xhtml" xml:lang="en" lang="en">
 <head>
  <title>
</title>
<meta http-equiv="Content-Type" content="text/html;charset=utf-8" />
  <meta name='ocr-system' content='tesseract 3.04.00' />
  <meta name='ocr-capabilities' content='ocr_page ocr_carea ocr_par ocr_line ocrx_word'/>
</head>
<body>
  <div class='ocr_page' id='page_1' title='image "./ccorneliitaciti04freigoog_0238.png"; bbox 0 0 3259 5284; ppageno 0'>
   <div class='ocr_carea' id='block_1_1' title="bbox 365 626 1131 704">
    <p class='ocr_par' dir='ltr' id='par_1_1' title="bbox 365 626 1131 704">
     <span class='ocr_line' id='line_1_1' title="bbox 365 626 1131 704; baseline -0.007 0"><span class='ocrx_word' id='word_1_1' title='bbox 365 632 432 704; x_wconf 86' lang='lat'>180</span> <span class='ocrx_word' id='word_1_2' title='bbox 558 626 1131 701; x_wconf 68' lang='lat' dir='ltr'>ecotnsrnrrcrrr</span> 
     </span>
    </p>
   </div>
   <div class='ocr_carea' id='block_1_2' title="bbox 287 796 1336 4130">
    <p class='ocr_par' dir='ltr' id='par_1_2' title="bbox 359 796 1327 995">
     <span class='ocr_line' id='line_1_2' title="bbox 362 796 1327 899; baseline 0.002 -26"><span class='ocrx_word' id='word_1_3' title='bbox 362 804 494 889; x_wconf 89' lang='lat' dir='ltr'>Verum</span> <span class='ocrx_word' id='word_1_4' title='bbox 512 802 587 875; x_wconf 85' lang='lat' dir='ltr'>haee</span> <span class='ocrx_word' id='word_1_5' title='bbox 603 801 703 875; x_wconf 88' lang='lat' dir='ltr'>nobis</span> <span class='ocrx_word' id='word_1_6' title='bbox 721 800 875 899; x_wconf 88' lang='lat' dir='ltr'>majores.</span> <span class='ocrx_word' id='word_1_7' title='bbox 924 800 1123 875; x_wconf 87' lang='lat' dir='ltr'>Certamina</span> <span class='ocrx_word' id='word_1_8' title='bbox 1144 826 1188 875; x_wconf 89' lang='lat' dir='ltr'>ex</span> <span class='ocrx_word' id='word_1_9' title='bbox 1206 796 1327 875; x_wconf 89' lang='lat' dir='ltr'>hones-</span> 
     </span>
     <span class='ocr_line' id='line_1_3' title="bbox 359 941 581 995; baseline -0.005 -2"><span class='ocrx_word' id='word_1_10' title='bbox 359 941 397 994; x_wconf 90' lang='lat' dir='ltr'>to</span> <span class='ocrx_word' id='word_1_11' title='bbox 409 943 581 995; x_wconf 88' lang='lat' dir='ltr'>maneant.</span> 
     </span>
    </p>

    <p class='ocr_par' dir='ltr' id='par_1_3' title="bbox 360 1040 1333 3641">
     <span class='ocr_line' id='line_1_4' title="bbox 408 1040 1328 1139; baseline 0.002 -26"><span class='ocrx_word' id='word_1_12' title='bbox 408 1041 505 1113; x_wconf 90' lang='lat' dir='ltr'><strong>LVI.</strong></span> <span class='ocrx_word' id='word_1_13' title='bbox 521 1041 733 1129; x_wconf 78' lang='lat' dir='ltr'>Trnrnrus,</span> <span class='ocrx_word' id='word_1_14' title='bbox 746 1040 839 1113; x_wconf 67' lang='lat' dir='ltr'>sama</span> <span class='ocrx_word' id='word_1_15' title='bbox 850 1040 1094 1114; x_wconf 85' lang='lat' dir='ltr'>moderationis</span> <span class='ocrx_word' id='word_1_16' title='bbox 1109 1046 1217 1137; x_wconf 70' lang='lat' dir='ltr'>parti,</span> <span class='ocrx_word' id='word_1_17' title='bbox 1231 1040 1328 1139; x_wconf 82' lang='lat' dir='ltr'>qudd</span> 
     </span>
     <span class='ocr_line' id='line_1_5' title="bbox 360 1158 1328 1258; baseline 0.001 -25"><span class='ocrx_word' id='word_1_18' title='bbox 360 1161 558 1258; x_wconf 83' lang='lat' dir='ltr'>ingruentes</span> <span class='ocrx_word' id='word_1_19' title='bbox 574 1158 784 1234; x_wconf 84' lang='lat' dir='ltr'>accusatores</span> <span class='ocrx_word' id='word_1_20' title='bbox 799 1162 1009 1257; x_wconf 69' lang='lat' dir='ltr'>represserat,</span> <span class='ocrx_word' id='word_1_21' title='bbox 1034 1160 1141 1233; x_wconf 91' lang='lat' dir='ltr'>mittit</span> <span class='ocrx_word' id='word_1_22' title='bbox 1158 1160 1267 1233; x_wconf 83' lang='lat' dir='ltr'>literas</span> <span class='ocrx_word' id='word_1_23' title='bbox 1283 1164 1328 1235; x_wconf 89' lang='lat' dir='ltr'>ad</span> 
     </span>
     <span class='ocr_line' id='line_1_6' title="bbox 361 1279 1329 1375; baseline 0.002 -22"><span class='ocrx_word' id='word_1_24' title='bbox 361 1280 530 1369; x_wconf 89' lang='lat' dir='ltr'>senatum,</span> <span class='ocrx_word' id='word_1_25' title='bbox 558 1282 637 1375; x_wconf 74' lang='lat' dir='ltr'>quis</span> <span class='ocrx_word' id='word_1_26' title='bbox 660 1280 909 1375; x_wconf 85' lang='lat' dir='ltr'>“potestatem</span> <span class='ocrx_word' id='word_1_27' title='bbox 937 1279 1185 1353; x_wconf 85' lang='lat' dir='ltr'>tribuniciam&#39;’</span> <span class='ocrx_word' id='word_1_28' title='bbox 1214 1280 1329 1355; x_wconf 87' lang='lat' dir='ltr'>Druso</span> 
     </span>
     <span class='ocr_line' id='line_1_7' title="bbox 362 1396 1328 1497; baseline 0 -24"><span class='ocrx_word' id='word_1_29' title='bbox 362 1405 511 1497; x_wconf 90' lang='lat' dir='ltr'>petebat.</span> <span class='ocrx_word' id='word_1_30' title='bbox 561 1400 602 1471; x_wconf 94' lang='lat' dir='ltr'>ld</span> <span class='ocrx_word' id='word_1_31' title='bbox 623 1398 747 1471; x_wconf 90' lang='lat' dir='ltr'>summi</span> <span class='ocrx_word' id='word_1_32' title='bbox 763 1396 890 1496; x_wconf 85' lang='lat' dir='ltr'>fastigii</span> <span class='ocrx_word' id='word_1_33' title='bbox 907 1400 1118 1473; x_wconf 90' lang='lat' dir='ltr'>vocabulum</span> <span class='ocrx_word' id='word_1_34' title='bbox 1149 1400 1328 1497; x_wconf 85' lang='lat' dir='ltr'>Augustus</span> 
     </span>
     <span class='ocr_line' id='line_1_8' title="bbox 361 1516 1326 1617; baseline -0.002 -24"><span class='ocrx_word' id='word_1_35' title='bbox 361 1521 498 1617; x_wconf 90' lang='lat' dir='ltr'>reperit,</span> <span class='ocrx_word' id='word_1_36' title='bbox 523 1544 567 1591; x_wconf 91' lang='lat' dir='ltr'>ne</span> <span class='ocrx_word' id='word_1_37' title='bbox 591 1522 676 1615; x_wconf 82' lang='lat' dir='ltr'>regis</span> <span class='ocrx_word' id='word_1_38' title='bbox 700 1537 759 1591; x_wconf 87' lang='lat' dir='ltr'>aut</span> <span class='ocrx_word' id='word_1_39' title='bbox 785 1520 949 1589; x_wconf 58' lang='lat' dir='ltr'>distuleris</span> <span class='ocrx_word' id='word_1_40' title='bbox 971 1542 1098 1591; x_wconf 92' lang='lat' dir='ltr'>nomen</span> <span class='ocrx_word' id='word_1_41' title='bbox 1121 1516 1326 1610; x_wconf 83' lang='lat' dir='ltr'>adsumeret,</span> 
     </span>
     <span class='ocr_line' id='line_1_9' title="bbox 361 1635 1328 1735; baseline -0.001 -23"><span class='ocrx_word' id='word_1_42' title='bbox 361 1666 401 1712; x_wconf 88' lang='lat' dir='ltr'>ac</span> <span class='ocrx_word' id='word_1_43' title='bbox 418 1661 534 1712; x_wconf 91' lang='lat' dir='ltr'>tamen</span> <span class='ocrx_word' id='word_1_44' title='bbox 550 1637 782 1735; x_wconf 84' lang='lat' dir='ltr'>appellatione</span> <span class='ocrx_word' id='word_1_45' title='bbox 806 1635 921 1733; x_wconf 69' lang='lat' dir='ltr'>aliqud</span> <span class='ocrx_word' id='word_1_46' title='bbox 944 1658 1056 1710; x_wconf 92' lang='lat' dir='ltr'>cetera</span> <span class='ocrx_word' id='word_1_47' title='bbox 1079 1636 1224 1733; x_wconf 89' lang='lat' dir='ltr'>imperia</span> <span class='ocrx_word' id='word_1_48' title='bbox 1241 1663 1328 1733; x_wconf 84' lang='lat' dir='ltr'>prae·</span> 
     </span>
     <span class='ocr_line' id='line_1_10' title="bbox 362 1753 1328 1854; baseline 0 -22"><span class='ocrx_word' id='word_1_49' title='bbox 362 1759 516 1832; x_wconf 88' lang='lat' dir='ltr'>minerer.</span> <span class='ocrx_word' id='word_1_50' title='bbox 566 1760 623 1831; x_wconf 90' lang='lat' dir='ltr'>M.</span> <span class='ocrx_word' id='word_1_51' title='bbox 652 1756 779 1827; x_wconf 86' lang='lat' dir='ltr'>deinde</span> <span class='ocrx_word' id='word_1_52' title='bbox 802 1754 1003 1852; x_wconf 85' lang='lat' dir='ltr'>Agrippam</span> <span class='ocrx_word' id='word_1_53' title='bbox 1019 1753 1151 1827; x_wconf 89' lang='lat' dir='ltr'>socium</span> <span class='ocrx_word' id='word_1_54' title='bbox 1176 1755 1246 1853; x_wconf 88' lang='lat' dir='ltr'>ejus</span> <span class='ocrx_word' id='word_1_55' title='bbox 1265 1784 1328 1854; x_wconf 90' lang='lat' dir='ltr'>po-</span> 
     </span>
     <span class='ocr_line' id='line_1_11' title="bbox 360 1874 1329 1975; baseline -0.001 -25"><span class='ocrx_word' id='word_1_56' title='bbox 360 1877 509 1963; x_wconf 84' lang='lat' dir='ltr'>testatis;</span> <span class='ocrx_word' id='word_1_57' title='bbox 536 1902 608 1975; x_wconf 94' lang='lat' dir='ltr'>quo</span> <span class='ocrx_word' id='word_1_58' title='bbox 623 1874 802 1965; x_wconf 75' lang='lat' dir='ltr'>desunsio,</span> <span class='ocrx_word' id='word_1_59' title='bbox 829 1874 1013 1949; x_wconf 89' lang='lat' dir='ltr'>Tiberium</span> <span class='ocrx_word' id='word_1_60' title='bbox 1030 1876 1209 1948; x_wconf 91' lang='lat' dir='ltr'>Neronem</span> <span class='ocrx_word' id='word_1_61' title='bbox 1237 1878 1329 1949; x_wconf 90' lang='lat' dir='ltr'>dele·</span> 
     </span>
     <span class='ocr_line' id='line_1_12' title="bbox 361 1986 1329 2096; baseline -0.001 -27"><span class='ocrx_word' id='word_1_62' title='bbox 361 1998 424 2096; x_wconf 87' lang='lat' dir='ltr'>git,</span> <span class='ocrx_word' id='word_1_63' title='bbox 443 2023 486 2070; x_wconf 90' lang='lat' dir='ltr'>ne</span> <span class='ocrx_word' id='word_1_64' title='bbox 502 1995 666 2070; x_wconf 75' lang='lat' dir='ltr'>successor</span> <span class='ocrx_word' id='word_1_65' title='bbox 684 1996 719 2066; x_wconf 92' lang='lat' dir='ltr'>in</span> <span class='ocrx_word' id='word_1_66' title='bbox 735 1994 868 2067; x_wconf 89' lang='lat' dir='ltr'>incerto</span> <span class='ocrx_word' id='word_1_67' title='bbox 885 1992 993 2067; x_wconf 89' lang='lat' dir='ltr'>foret:</span> <span class='ocrx_word' id='word_1_68' title='bbox 1021 1986 1066 2067; x_wconf 74' lang='lat' dir='ltr'>sic</span> <span class='ocrx_word' id='word_1_69' title='bbox 1083 1994 1235 2069; x_wconf 88' lang='lat' dir='ltr'>cohiberi</span> <span class='ocrx_word' id='word_1_70' title='bbox 1254 2022 1329 2091; x_wconf 88' lang='lat' dir='ltr'>pra·</span> 
     </span>
     <span class='ocr_line' id='line_1_13' title="bbox 361 2114 1329 2213; baseline -0.001 -23"><span class='ocrx_word' id='word_1_71' title='bbox 361 2144 422 2191; x_wconf 87' lang='lat' dir='ltr'>vas</span> <span class='ocrx_word' id='word_1_72' title='bbox 435 2118 581 2190; x_wconf 90' lang='lat' dir='ltr'>aliorum</span> <span class='ocrx_word' id='word_1_73' title='bbox 593 2114 667 2213; x_wconf 86' lang='lat' dir='ltr'>spes</span> <span class='ocrx_word' id='word_1_74' title='bbox 683 2118 838 2188; x_wconf 88' lang='lat' dir='ltr'>rebatur:</span> <span class='ocrx_word' id='word_1_75' title='bbox 867 2116 965 2187; x_wconf 76' lang='lat' dir='ltr'>simul</span> <span class='ocrx_word' id='word_1_76' title='bbox 977 2115 1152 2189; x_wconf 85' lang='lat' dir='ltr'>modestiae</span> <span class='ocrx_word' id='word_1_77' title='bbox 1165 2115 1329 2205; x_wconf 88' lang='lat' dir='ltr'>Neronis,</span> 
     </span>
     <span class='ocr_line' id='line_1_14' title="bbox 362 2234 1329 2335; baseline -0.003 -25"><span class='ocrx_word' id='word_1_78' title='bbox 362 2242 397 2310; x_wconf 85' lang='lat'>&amp;</span> <span class='ocrx_word' id='word_1_79' title='bbox 413 2236 481 2309; x_wconf 87' lang='lat' dir='ltr'>suae</span> <span class='ocrx_word' id='word_1_80' title='bbox 499 2234 729 2335; x_wconf 84' lang='lat' dir='ltr'>magnitudini</span> <span class='ocrx_word' id='word_1_81' title='bbox 748 2234 889 2305; x_wconf 87' lang='lat' dir='ltr'>fidebat.</span> <span class='ocrx_word' id='word_1_82' title='bbox 939 2238 1022 2331; x_wconf 83' lang='lat' dir='ltr'>Qro</span> <span class='ocrx_word' id='word_1_83' title='bbox 1047 2254 1129 2306; x_wconf 87' lang='lat' dir='ltr'>tunc</span> <span class='ocrx_word' id='word_1_84' title='bbox 1150 2237 1329 2332; x_wconf 88' lang='lat' dir='ltr'>exemplo,</span> 
     </span>
     <span class='ocr_line' id='line_1_15' title="bbox 360 2350 1332 2443; baseline -0.002 -16"><span class='ocrx_word' id='word_1_85' title='bbox 360 2355 525 2429; x_wconf 89' lang='lat' dir='ltr'>Tiberius</span> <span class='ocrx_word' id='word_1_86' title='bbox 540 2351 693 2426; x_wconf 89' lang='lat' dir='ltr'>Drusum</span> <span class='ocrx_word' id='word_1_87' title='bbox 709 2350 854 2425; x_wconf 85' lang='lat' dir='ltr'>summae</span> <span class='ocrx_word' id='word_1_88' title='bbox 877 2351 924 2424; x_wconf 89' lang='lat' dir='ltr'>rei</span> <span class='ocrx_word' id='word_1_89' title='bbox 941 2354 1129 2438; x_wconf 81' lang='lat' dir='ltr'>admovet3</span> <span class='ocrx_word' id='word_1_90' title='bbox 1155 2354 1251 2443; x_wconf 77' lang='lat' dir='ltr'>crim,</span> <span class='ocrx_word' id='word_1_91' title='bbox 1278 2353 1332 2425; x_wconf 92' lang='lat' dir='ltr'>in·</span> 
     </span>
     <span class='ocr_line' id='line_1_16' title="bbox 361 2468 1330 2569; baseline -0.004 -19"><span class='ocrx_word' id='word_1_92' title='bbox 361 2477 492 2550; x_wconf 85' lang='lat' dir='ltr'>colurni</span> <span class='ocrx_word' id='word_1_93' title='bbox 504 2471 728 2562; x_wconf 88' lang='lat' dir='ltr'>Germanico,</span> <span class='ocrx_word' id='word_1_94' title='bbox 753 2470 931 2569; x_wconf 88' lang='lat' dir='ltr'>integrum</span> <span class='ocrx_word' id='word_1_95' title='bbox 945 2470 1034 2543; x_wconf 91' lang='lat' dir='ltr'>inter</span> <span class='ocrx_word' id='word_1_96' title='bbox 1057 2471 1145 2543; x_wconf 90' lang='lat' dir='ltr'>duos</span> <span class='ocrx_word' id='word_1_97' title='bbox 1157 2468 1330 2567; x_wconf 83' lang='lat' dir='ltr'>judicium</span> 
     </span>
     <span class='ocr_line' id='line_1_17' title="bbox 362 2589 1329 2687; baseline -0.002 -20"><span class='ocrx_word' id='word_1_98' title='bbox 362 2592 532 2667; x_wconf 85' lang='lat' dir='ltr'>tenuisset.</span> <span class='ocrx_word' id='word_1_99' title='bbox 584 2592 651 2664; x_wconf 90' lang='lat' dir='ltr'>Sed</span> <span class='ocrx_word' id='word_1_100' title='bbox 665 2589 834 2687; x_wconf 87' lang='lat' dir='ltr'>principio</span> <span class='ocrx_word' id='word_1_101' title='bbox 847 2590 1020 2663; x_wconf 89' lang='lat' dir='ltr'>literatum</span> <span class='ocrx_word' id='word_1_102' title='bbox 1038 2609 1216 2664; x_wconf 85' lang='lat' dir='ltr'>veneratus</span> <span class='ocrx_word' id='word_1_103' title='bbox 1231 2593 1329 2685; x_wconf 85' lang='lat' dir='ltr'>deos,</span> 
     </span>
     <span class='ocr_line' id='line_1_18' title="bbox 363 2708 1329 2805; baseline -0.001 -19"><span class='ocrx_word' id='word_1_104' title='bbox 363 2721 448 2786; x_wconf 89' lang='lat' dir='ltr'>“ut</span> <span class='ocrx_word' id='word_1_105' title='bbox 478 2712 614 2785; x_wconf 85' lang='lat' dir='ltr'>confilia</span> <span class='ocrx_word' id='word_1_106' title='bbox 636 2710 694 2783; x_wconf 94' lang='lat' dir='ltr'>sua</span> <span class='ocrx_word' id='word_1_107' title='bbox 717 2709 916 2805; x_wconf 87' lang='lat' dir='ltr'>reipublicae</span> <span class='ocrx_word' id='word_1_108' title='bbox 950 2708 1223 2805; x_wconf 88' lang='lat' dir='ltr'>prosperarent,&#39;&#39;</span> <span class='ocrx_word' id='word_1_109' title='bbox 1254 2738 1329 2785; x_wconf 91' lang='lat' dir='ltr'>mo·</span> 
     </span>
     <span class='ocr_line' id='line_1_19' title="bbox 361 2827 1330 2925; baseline -0.002 -18"><span class='ocrx_word' id='word_1_110' title='bbox 361 2831 440 2907; x_wconf 91' lang='lat' dir='ltr'>dica</span> <span class='ocrx_word' id='word_1_111' title='bbox 467 2834 511 2905; x_wconf 89' lang='lat' dir='ltr'>de</span> <span class='ocrx_word' id='word_1_112' title='bbox 539 2830 695 2903; x_wconf 92' lang='lat' dir='ltr'>moribus</span> <span class='ocrx_word' id='word_1_113' title='bbox 723 2827 959 2917; x_wconf 89' lang='lat' dir='ltr'>adolescentis,</span> <span class='ocrx_word' id='word_1_114' title='bbox 997 2853 1111 2925; x_wconf 89' lang='lat' dir='ltr'>neque</span> <span class='ocrx_word' id='word_1_115' title='bbox 1140 2829 1176 2901; x_wconf 90' lang='lat' dir='ltr'>in</span> <span class='ocrx_word' id='word_1_116' title='bbox 1209 2830 1330 2905; x_wconf 88' lang='lat' dir='ltr'>falsum</span> 
     </span>
     <span class='ocr_line' id='line_1_20' title="bbox 362 2947 1329 3046; baseline -0.002 -19"><span class='ocrx_word' id='word_1_117' title='bbox 362 2956 464 3027; x_wconf 66' lang='lat' dir='ltr'>auda</span> <span class='ocrx_word' id='word_1_118' title='bbox 485 2951 622 3025; x_wconf 87' lang='lat' dir='ltr'>retulit:</span> <span class='ocrx_word' id='word_1_119' title='bbox 650 2956 679 2991; x_wconf 90' lang='lat'><strong>“</strong></span> <span class='ocrx_word' id='word_1_120' title='bbox 696 2951 763 3021; x_wconf 84' lang='lat' dir='ltr'>effe</span> <span class='ocrx_word' id='word_1_121' title='bbox 781 2948 830 3020; x_wconf 95' lang='lat' dir='ltr'>illi</span> <span class='ocrx_word' id='word_1_122' title='bbox 849 2947 1035 3046; x_wconf 86' lang='lat' dir='ltr'>conjugem</span> <span class='ocrx_word' id='word_1_123' title='bbox 1055 2952 1088 3020; x_wconf 87' lang='lat'>&amp;</span> <span class='ocrx_word' id='word_1_124' title='bbox 1106 2967 1173 3021; x_wconf 90' lang='lat' dir='ltr'>tres</span> <span class='ocrx_word' id='word_1_125' title='bbox 1189 2949 1329 3043; x_wconf 90' lang='lat' dir='ltr'>liberos,</span> 
     </span>
     <span class='ocr_line' id='line_1_21' title="bbox 363 3066 1332 3168; baseline -0.001 -23"><span class='ocrx_word' id='word_1_126' title='bbox 363 3081 393 3116; x_wconf 91' lang='lat'>“</span> <span class='ocrx_word' id='word_1_127' title='bbox 411 3096 561 3168; x_wconf 86' lang='lat' dir='ltr'>eamque</span> <span class='ocrx_word' id='word_1_128' title='bbox 576 3087 727 3158; x_wconf 77' lang='lat' dir='ltr'>atatem,</span> <span class='ocrx_word' id='word_1_129' title='bbox 754 3070 824 3165; x_wconf 69' lang='lat' dir='ltr'>qud</span> <span class='ocrx_word' id='word_1_130' title='bbox 839 3066 909 3165; x_wconf 92' lang='lat' dir='ltr'>ipse</span> <span class='ocrx_word' id='word_1_131' title='bbox 927 3068 1105 3166; x_wconf 91' lang='lat' dir='ltr'>quondam</span> <span class='ocrx_word' id='word_1_132' title='bbox 1123 3094 1144 3141; x_wconf 90' lang='lat' dir='ltr'>a</span> <span class='ocrx_word' id='word_1_133' title='bbox 1159 3068 1243 3142; x_wconf 91' lang='lat' dir='ltr'>divo</span> <span class='ocrx_word' id='word_1_134' title='bbox 1256 3076 1332 3144; x_wconf 91' lang='lat' dir='ltr'>Au·</span> 
     </span>
     <span class='ocr_line' id='line_1_22' title="bbox 364 3188 1331 3288; baseline 0.002 -25"><span class='ocrx_word' id='word_1_135' title='bbox 364 3198 392 3236; x_wconf 88' lang='lat'><strong>“</strong></span> <span class='ocrx_word' id='word_1_136' title='bbox 410 3193 511 3288; x_wconf 85' lang='lat' dir='ltr'>gusto</span> <span class='ocrx_word' id='word_1_137' title='bbox 537 3190 582 3261; x_wconf 91' lang='lat' dir='ltr'>ad</span> <span class='ocrx_word' id='word_1_138' title='bbox 608 3189 853 3285; x_wconf 82' lang='lat' dir='ltr'>capessendum</span> <span class='ocrx_word' id='word_1_139' title='bbox 879 3188 946 3260; x_wconf 92' lang='lat' dir='ltr'>hoc</span> <span class='ocrx_word' id='word_1_140' title='bbox 974 3212 1100 3259; x_wconf 93' lang='lat' dir='ltr'>munus</span> <span class='ocrx_word' id='word_1_141' title='bbox 1122 3208 1263 3262; x_wconf 88' lang='lat' dir='ltr'>vocatus</span> <span class='ocrx_word' id='word_1_142' title='bbox 1282 3196 1331 3265; x_wconf 85' lang='lat' dir='ltr'>stt.</span> 
     </span>
     <span class='ocr_line' id='line_1_23' title="bbox 364 3305 1333 3405; baseline -0.001 -23"><span class='ocrx_word' id='word_1_143' title='bbox 364 3316 393 3353; x_wconf 90' lang='lat'><strong>“</strong></span> <span class='ocrx_word' id='word_1_144' title='bbox 410 3311 537 3405; x_wconf 90' lang='lat' dir='ltr'>Neque</span> <span class='ocrx_word' id='word_1_145' title='bbox 554 3332 647 3378; x_wconf 85' lang='lat' dir='ltr'>nunc</span> <span class='ocrx_word' id='word_1_146' title='bbox 666 3307 827 3402; x_wconf 71' lang='lat' dir='ltr'>propere,</span> <span class='ocrx_word' id='word_1_147' title='bbox 853 3305 911 3379; x_wconf 87' lang='lat' dir='ltr'>sed</span> <span class='ocrx_word' id='word_1_148' title='bbox 936 3330 996 3401; x_wconf 93' lang='lat' dir='ltr'>per</span> <span class='ocrx_word' id='word_1_149' title='bbox 1011 3306 1090 3377; x_wconf 74' lang='lat' dir='ltr'>ouo</span> <span class='ocrx_word' id='word_1_150' title='bbox 1106 3330 1213 3381; x_wconf 90' lang='lat' dir='ltr'>annos</span> <span class='ocrx_word' id='word_1_151' title='bbox 1229 3330 1333 3405; x_wconf 87' lang='lat' dir='ltr'>capto</span> 
     </span>
     <span class='ocr_line' id='line_1_24' title="bbox 363 3422 1332 3523; baseline -0.001 -23"><span class='ocrx_word' id='word_1_152' title='bbox 363 3435 391 3471; x_wconf 88' lang='lat'><strong>“</strong></span> <span class='ocrx_word' id='word_1_153' title='bbox 409 3426 659 3523; x_wconf 87' lang='lat' dir='ltr'>experimento,</span> <span class='ocrx_word' id='word_1_154' title='bbox 685 3428 882 3520; x_wconf 76' lang='lat' dir='ltr'>compressis</span> <span class='ocrx_word' id='word_1_155' title='bbox 902 3422 1137 3512; x_wconf 87' lang='lat' dir='ltr'>seditionibus,</span> <span class='ocrx_word' id='word_1_156' title='bbox 1162 3430 1332 3523; x_wconf 76' lang='lat' dir='ltr'>compost·</span> 
     </span>
     <span class='ocr_line' id='line_1_25' title="bbox 364 3542 1330 3641; baseline -0.005 -19"><span class='ocrx_word' id='word_1_157' title='bbox 364 3557 392 3593; x_wconf 88' lang='lat'><strong>“</strong></span> <span class='ocrx_word' id='word_1_158' title='bbox 410 3548 452 3622; x_wconf 90' lang='lat' dir='ltr'>tis</span> <span class='ocrx_word' id='word_1_159' title='bbox 468 3546 580 3635; x_wconf 92' lang='lat' dir='ltr'>bellis,</span> <span class='ocrx_word' id='word_1_160' title='bbox 606 3546 853 3641; x_wconf 91' lang='lat' dir='ltr'>triumphalem</span> <span class='ocrx_word' id='word_1_161' title='bbox 868 3544 967 3619; x_wconf 85' lang='lat' dir='ltr'>&amp;bis</span> <span class='ocrx_word' id='word_1_162' title='bbox 983 3542 1172 3635; x_wconf 88' lang='lat' dir='ltr'>consulem,</span> <span class='ocrx_word' id='word_1_163' title='bbox 1190 3545 1262 3618; x_wconf 90' lang='lat' dir='ltr'>noti</span> <span class='ocrx_word' id='word_1_164' title='bbox 1282 3546 1330 3617; x_wconf 88' lang='lat' dir='ltr'>la-</span> 
     </span>
    </p>

    <p class='ocr_par' dir='ltr' id='par_1_4' title="bbox 287 3668 1336 4130">
     <span class='ocr_line' id='line_1_26' title="bbox 364 3668 865 3767; baseline -0.014 -20"><span class='ocrx_word' id='word_1_165' title='bbox 364 3680 391 3715; x_wconf 90' lang='lat'><strong>“</strong></span> <span class='ocrx_word' id='word_1_166' title='bbox 410 3671 503 3746; x_wconf 92' lang='lat' dir='ltr'>boris</span> <span class='ocrx_word' id='word_1_167' title='bbox 521 3670 722 3767; x_wconf 87' lang='lat' dir='ltr'>participem</span> <span class='ocrx_word' id='word_1_168' title='bbox 738 3668 865 3741; x_wconf 89' lang='lat' dir='ltr'>sumi.&#39;&#39;</span> 
     </span>
     <span class='ocr_line' id='line_1_27' title="bbox 287 3781 1332 3885; baseline -0.007 -21"><span class='ocrx_word' id='word_1_169' title='bbox 287 3781 290 3787; x_wconf 40' lang='lat'>¹</span> <span class='ocrx_word' id='word_1_170' title='bbox 411 3792 525 3864; x_wconf 88' lang='lat' dir='ltr'><strong>LVII.</strong></span> <span class='ocrx_word' id='word_1_171' title='bbox 549 3792 855 3863; x_wconf 73' lang='lat' dir='ltr'>Pancrnanaur</span> <span class='ocrx_word' id='word_1_172' title='bbox 870 3788 993 3863; x_wconf 88' lang='lat' dir='ltr'>animis</span> <span class='ocrx_word' id='word_1_173' title='bbox 1003 3788 1191 3863; x_wconf 91' lang='lat' dir='ltr'>orationem</span> <span class='ocrx_word' id='word_1_174' title='bbox 1207 3806 1332 3885; x_wconf 86' lang='lat' dir='ltr'>patres,</span> 
     </span>
     <span class='ocr_line' id='line_1_28' title="bbox 364 3909 1332 4010; baseline -0.008 -24"><span class='ocrx_word' id='word_1_175' title='bbox 364 3911 437 4010; x_wconf 75' lang='lat' dir='ltr'>qud</span> <span class='ocrx_word' id='word_1_176' title='bbox 456 3911 626 4008; x_wconf 87' lang='lat' dir='ltr'>quaefitior</span> <span class='ocrx_word' id='word_1_177' title='bbox 643 3909 796 3984; x_wconf 89' lang='lat' dir='ltr'>adulatio</span> <span class='ocrx_word' id='word_1_178' title='bbox 811 3910 899 3983; x_wconf 86' lang='lat' dir='ltr'>fuit:</span> <span class='ocrx_word' id='word_1_179' title='bbox 929 3934 992 3984; x_wconf 90' lang='lat' dir='ltr'>nec</span> <span class='ocrx_word' id='word_1_180' title='bbox 1009 3930 1126 3983; x_wconf 87' lang='lat' dir='ltr'>tamen</span> <span class='ocrx_word' id='word_1_181' title='bbox 1144 3929 1332 4005; x_wconf 89' lang='lat' dir='ltr'>repertum,</span> 
     </span>
     <span class='ocr_line' id='line_1_29' title="bbox 366 4026 1336 4130; baseline -0.005 -26"><span class='ocrx_word' id='word_1_182' title='bbox 366 4030 427 4105; x_wconf 85' lang='lat' dir='ltr'>nist</span> <span class='ocrx_word' id='word_1_183' title='bbox 457 4038 484 4074; x_wconf 94' lang='lat'><strong>“</strong></span> <span class='ocrx_word' id='word_1_184' title='bbox 503 4050 542 4104; x_wconf 94' lang='lat' dir='ltr'>ut</span> <span class='ocrx_word' id='word_1_185' title='bbox 564 4030 694 4130; x_wconf 85' lang='lat' dir='ltr'>effigies</span> <span class='ocrx_word' id='word_1_186' title='bbox 713 4029 930 4129; x_wconf 91' lang='lat' dir='ltr'>Principum,</span> <span class='ocrx_word' id='word_1_187' title='bbox 962 4055 1033 4105; x_wconf 90' lang='lat' dir='ltr'>aras</span> <span class='ocrx_word' id='word_1_188' title='bbox 1056 4030 1178 4121; x_wconf 73' lang='lat' dir='ltr'>defim,</span> <span class='ocrx_word' id='word_1_189' title='bbox 1204 4026 1336 4124; x_wconf 81' lang='lat' dir='ltr'>templa</span> 
     </span>
    </p>
   </div>
   <div class='ocr_carea' id='block_1_3' title="bbox 0 0 1643 5284">
    <p class='ocr_par' dir='ltr' id='par_1_5' title="bbox 0 0 1643 5284">
     <span class='ocr_line' id='line_1_30' title="bbox 0 0 1643 5284; baseline 0 0"><span class='ocrx_word' id='word_1_190' title='bbox 0 0 1643 5284; x_wconf 95' lang='lat' dir='ltr'> </span> 
     </span>
    </p>
   </div>
  </div>
 </body>
</html>
