3259 5284
1185 661 1249 738 xxi

261 835 456 910 contulisset
472 869 498 909 ι.
532 835 679 936 Ingenio
691 834 904 934 eruditisque
916 832 1173 907 commentariis
1188 852 1245 906 ut·

261 979 413 1054 cumque
437 955 474 1029 id
498 955 684 1054 supplevit,
715 961 749 1032 δι
774 955 964 1030 editionem
989 951 1108 1026 ceteris
1128 951 1244 1026 omni·

262 1073 340 1163 bus,
369 1100 446 1172 quae
473 1077 553 1150 anti:
579 1077 779 1174 prodierant
806 1073 1088 1171 praestantiorem,
1113 1075 1243 1170 magna

262 1217 342 1268 curn
360 1195 510 1268 nominis
526 1193 575 1268 sui
592 1195 704 1294 gloria
722 1193 924 1292 Antverpiae
942 1190 1133 1289 publicavit
1149 1217 1243 1264 anno

261 1335 462 1388 mnnxxrrr.
513 1319 632 1412 Quam
659 1315 778 1412 postea
803 1314 849 1386 ad
877 1337 1009 1384 annum
1025 1309 1133 1407 usque
1157 1335 1242 1383 Mne

258 1429 349 1528 saepe
377 1434 584 1522 retradavit,
621 1432 836 1522 emendavit,
870 1430 1121 1526 melioremque
1148 1426 1241 1502 fecit.

259 1551 302 1623 In
326 1551 395 1624 hoc
423 1551 543 1649 gloriae
566 1550 633 1626 suae
660 1552 881 1626 monimento
903 1547 1016 1622 rursus
1038 1549 1243 1621 adornando

258 1668 468 1744 immortuus
483 1671 532 1744 est
547 1697 641 1746 anno
655 1697 800 1760 mnevr,
820 1669 928 1744 aetatis
942 1667 1010 1740 suae
1023 1689 1108 1739 ιιι.
1148 1667 1240 1764 Lip-

180 1783 184 1792 ’
260 1791 387 1863 fiotum
402 1789 515 1887 stirpis
530 1789 688 1878 ultimus,
709 1795 741 1862 &
761 1813 933 1887 magnum
948 1787 1055 1859 decus
1073 1798 1101 1858 2.

307 1911 431 1982 Iurrtt
455 1927 568 1984 tantos
584 1909 693 2006 Lipsri
704 1910 852 1996 labores,
882 1904 1021 1980 Curtius
1036 1907 1236 1996 Prema,

257 2027 386 2125 Magni
408 2027 519 2101 Ducis
548 2028 696 2102 Etmtiae
725 2053 746 2101 a
772 2026 920 2115 secretis,
949 2025 986 2098 in
1016 2026 1238 2099 emendando

259 2145 386 2220 Tacito
409 2148 440 2219 F
441 2144 595 2219 lorentiae
622 2145 742 2219 utilem
769 2170 911 2242 operam
934 2142 1048 2242 posuit
1065 2165 1095 2240 3.
1144 2144 1238 2219 Usus

255 2263 505 2362 manuscriptis
518 2263 698 2338 codicibus
713 2264 935 2339 bibliotheca
947 2263 1137 2353 Mediceae,
1160 2267 1238 2338 loca

258 2383 423 2480 plurima,
453 2409 532 2481 quae
553 2384 638 2460 alios
654 2381 829 2482 fugerant,
855 2383 998 2457 restituit
1024 2386 1059 2455 dc
1083 2384 1236 2482 explica-

304 2603 315 2633 ¹
336 2595 473 2676 Majorem
494 2601 602 2661 laudem
623 2601 713 2660 adhuc
736 2601 967 2678 reportaturue,fi
990 2599 1076 2661 libror
1095 2599 1232 2671 edidisset,

259 2697 357 2775 quibus
370 2714 546 2759 contexuerat
558 2700 692 2759 Calanam
704 2697 845 2760 historiam
866 2706 891 2760 δι
904 2699 985 2759 initia
997 2699 1109 2760 Claudii
1123 2701 1232 2759 Corne·

260 2797 335 2857 liano
347 2799 473 2876 exemplo
485 2797 610 2876 sliloque,
632 2813 662 2857 ut
683 2797 738 2878 ipse
753 2799 862 2858 testatur
879 2797 909 2856 in
928 2799 1003 2856 notit
1014 2799 1048 2856 ad
1063 2801 1164 2860 Annas.
1175 2799 1232 2867 XI,

264 2917 288 2956 ι.
328 2898 370 2956 At
385 2895 417 2955 in
441 2897 651 2976 migrationibus
677 2897 742 2966 suis,
761 2919 827 2976 quat
849 2899 1003 2976 frequentes
1025 2898 1114 2957 secere
1135 2899 1232 2957 turbu·

261 2999 336 3059 lenta
361 2998 495 3075 tempora,
523 2997 645 3057 laborem
666 2999 750 3066 hunc,
777 2997 875 3056 fraude
890 3017 926 3055 an
947 2995 1021 3066 casu,
1046 2996 1097 3056 fibi
1123 2995 1231 3075 periisse

258 3094 364 3154 ibidem
372 3095 504 3155 declarat.
531 3096 641 3172 Jaslura
655 3095 730 3155 tantd
742 3095 854 3176 gravior
867 3096 936 3157 mihi
947 3096 1067 3166 videtur,
1083 3094 1158 3174 qudd
1171 3095 1230 3156 haec

260 3192 415 3258 adolescent
428 3194 579 3272 scripserat,
597 3215 628 3253 ac
644 3195 834 3274 proindecdm
846 3194 873 3254 ei
882 3196 966 3258 molle
980 3201 1007 3255 dc
1018 3198 1126 3277 elegans
1139 3195 1232 3259 adhuc

256 3309 315 3350 erat
327 3291 479 3373 ingenium.
520 3293 622 3363 Postea,
641 3295 768 3374 singulari
789 3295 901 3356 bomani
920 3295 1026 3375 ingenii
1043 3294 1231 3366 inconstantia,

259 3390 288 3449 in
299 3390 418 3452 deterius
432 3407 560 3464 mutatus,
580 3393 677 3453 durum
692 3393 873 3454 &horridum
892 3394 1029 3454 scribendi
1041 3416 1125 3475 genus
1137 3393 1232 3456 adsec-

258 3504 339 3549 tavit.

296 3591 310 3622 ¹
329 3590 484 3651 Innumera-
499 3593 587 3673 postea
600 3591 711 3652 suerunt
724 3591 856 3668 Lipfianae
867 3591 1014 3663 editiones,
1033 3613 1146 3671 quarum
1159 3595 1228 3655 niti·

253 3687 432 3750 dislimaesunt
440 3712 503 3770 qua
513 3692 585 3772 typis
595 3689 775 3752 Elzevirianie
787 3691 914 3770 prodiere
922 3692 1049 3772 Lugduni
1060 3696 1227 3754 Batavorum

255 3788 335 3848 annis
353 3789 440 3861 1621,
463 3793 537 3868 1634
555 3797 580 3848 δι
597 3793 680 3867 1640.

296 3891 307 3928 ³
323 3889 442 3950 Pichena
453 3888 556 3948 seorsis
566 3905 643 3949 notas
652 3887 769 3968 primum
780 3887 870 3949 edidit
875 3911 884 3958 ς
898 3887 999 3947 deinde
1008 3888 1157 3950 editionem
1172 3892 1228 3972 ipse

254 3987 399 4047 adornavit
408 3989 533 4049 excusam
548 3989 720 4051 Francosurti
737 4007 809 4050 auno
825 3987 906 4068 1607.
927 3995 953 4048 dr
965 3989 1086 4049 Aureliae
1098 3990 1228 4049 Allobro-

254 4107 404 4168 gomanno
422 4088 505 4168 1609.

699 4191 770 4288 br
