3259 5284
431 684 502 755 230
655 658 698 731 C.
737 658 981 731 Conuunrr
1012 658 1190 733 Tncrrr

432 826 461 862 “
479 819 722 917 conjunstione
742 824 882 899 Caesaris
910 826 1037 925 dignus
1061 825 1285 899 crederetur:
1314 818 1399 895 hinc

432 946 461 983 “
476 940 616 1015 initium
631 943 711 1041 spei.
761 946 809 1017 Et
827 944 991 1043 quoniam
1002 940 1169 1017 audiverit
1182 938 1396 1039 Augustum,

432 1065 461 1103 “
477 1059 514 1132 in
529 1064 744 1137 conlocanda
755 1063 838 1153 filia,
862 1062 1017 1137 nonnihil
1034 1062 1137 1137 etiam
1160 1062 1206 1135 de
1222 1057 1398 1157 equitibus

432 1182 650 1255 “Romanis
677 1181 938 1257 consultaviffe:
985 1182 1033 1256 ita
1064 1186 1087 1255 fi
1116 1178 1256 1255 maritus
1283 1174 1397 1251 Livia

432 1303 462 1341 “
480 1320 700 1396 quareretur,
718 1302 859 1376 haberet
872 1302 909 1375 in
925 1300 1042 1375 animo
1058 1299 1225 1388 amicum,
1246 1295 1315 1370 sold
1335 1318 1397 1369 ne·

431 1418 681 1493 “celsitudinis
708 1418 817 1517 gloria
835 1418 984 1493 usunrnr.
1034 1420 1120 1493 Non
1149 1416 1243 1490 enim
1270 1436 1396 1487 exuere

430 1543 458 1580 “
476 1536 635 1634 imposita
650 1538 788 1611 munia:
814 1538 890 1612 satis
908 1538 1090 1629 aestimare,
1106 1534 1231 1609 firmari
1247 1535 1395 1607 domum

429 1662 457 1699 “
476 1655 662 1730 adversirm
689 1656 824 1754 iniquas
851 1656 1060 1755 Agrippinae
1083 1656 1308 1739 offeufiones3
1339 1652 1393 1727 id·

430 1782 458 1819 “
477 1801 544 1873 que
568 1776 756 1849 liberorum
784 1778 895 1849 causa.
945 1778 1041 1851 Nam
1070 1774 1130 1849 fibi
1158 1774 1310 1847 multum
1338 1770 1392 1845 su·

430 1900 610 1991 “perque
637 1892 717 1967 vita·
745 1892 831 1985 fore,
857 1894 954 1995 quod
975 1892 1035 1969 tali
1051 1920 1132 1969 cum
1146 1891 1307 1989 Principe
1330 1916 1391 1963 ex·

427 2018 456 2055 “
476 2012 669 2110 plevisset.”

474 2134 558 2207 XL.
583 2136 647 2204 Ar>
677 2154 729 2205 un
755 2130 930 2221 Tiberius,
960 2131 1097 2205 laudata
1121 2130 1247 2229 pietate
1266 2128 1391 2229 Sejani,

425 2250 558 2347 suisque
583 2249 620 2321 in
642 2273 725 2322 eum
740 2250 916 2323 beneficiis
942 2248 1079 2323 modice
1107 2253 1284 2347 percursis,
1308 2250 1391 2323 crim

424 2390 564 2466 tempus
579 2386 760 2464 tamquam
776 2370 821 2441 ad
848 2368 1018 2466 integram
1034 2366 1318 2443 consultationem
1329 2390 1389 2463 pe·

422 2488 561 2578 tivisset,
586 2484 755 2583 adjunxit.
791 2493 819 2529 “
829 2488 957 2561 Ceteris
974 2486 1176 2562 mortalibus
1192 2487 1229 2560 in
1244 2511 1287 2560 eo
1303 2485 1391 2561 stare

424 2615 453 2652 “
471 2608 624 2698 confilia,
650 2606 736 2704 quid
765 2607 826 2681 fibi
858 2608 1053 2680 conducere
1078 2626 1225 2705 putent:
1255 2604 1387 2679 Princi-

424 2734 558 2824 “pum
590 2723 761 2798 diversam
787 2727 854 2799 esse
880 2725 1019 2815 sortem,
1052 2726 1178 2823 quibus
1217 2725 1390 2823 precipua

423 2853 453 2890 ‘⁶
469 2871 586 2919 rerum
601 2844 645 2917 ad
662 2844 794 2919 famam
808 2844 1013 2941 dirigenda:
1043 2844 1124 2917 ideo
1155 2842 1189 2917 se
1209 2869 1281 2917 non
1304 2843 1387 2917 illuc

421 2970 451 3010 “
467 2965 661 3054 decurrere,
692 2966 787 3061 quod
827 2984 1030 3061 promptum
1067 2962 1255 3061 rescriptu:
1292 2964 1387 3061 posse

420 3084 575 3183 “ipsam
602 3084 743 3159 Liviam
770 3084 930 3173 statuere,
957 3084 1162 3157 nubendum
1191 3084 1268 3181 post
1293 3084 1385 3157 Dru·

421 3212 449 3249 “
467 3203 554 3293 sum,
581 3228 626 3276 an
643 3203 678 3275 in
695 3202 876 3299 penatibus
891 3200 1010 3285 iisdem
1037 3202 1257 3275 tolerandum
1282 3203 1385 3279 habe·

419 3329 448 3366 “
465 3342 540 3395 ret:
567 3324 633 3394 effe
659 3322 710 3393 illi
724 3326 918 3396 matrem&
952 3321 1083 3411 aviam,
1113 3321 1275 3419 propiora
1297 3347 1382 3395 con-

419 3449 447 3485 “
464 3440 556 3515 filiae
587 3439 771 3537 srmplicids
802 3440 983 3513 acturum:
1015 3442 1060 3514 de
1091 3440 1278 3515 inimicitiis
1311 3439 1382 3537 pri·

418 3567 447 3603 “
465 3559 566 3632 mum
593 3557 823 3657 Agrippina:
864 3584 949 3655 quas
977 3561 1082 3659 longe
1110 3560 1221 3634 acrids
1243 3558 1382 3649 arsuras,

417 3683 446 3723 “
462 3682 486 3750 fi
503 3676 766 3750 matrimonium
782 3675 909 3768 Liviae,
929 3679 1077 3753 velutin
1094 3698 1220 3777 partes,
1234 3681 1382 3753 domum

415 3804 445 3840 “
460 3794 868 3869 Caesarumdistraxisset:
894 3801 938 3871 fic
966 3822 1106 3896 quoque
1130 3824 1308 3895 erumpere
1336 3824 1381 3871 ae·

414 3924 443 3962 “
461 3916 689 3990 mulationem
717 3914 938 4007 seminarum,
977 3920 1085 4015 eaque
1113 3917 1282 3991 discordia
1317 3940 1378 3989 ne·

412 4044 443 4131 .“
459 4057 557 4137 potes
582 4034 659 4113 suos
685 4036 857 4113 convelli:
882 4034 1017 4137 quidsi
1043 4036 1241 4115 intendanu
1271 4054 1377 4113 certa-
