3259 5284
561 532 865 606 Aunntrun
899 522 1011 603 L'rn.
1044 520 1107 601 ΙΙΙ.
1243 544 1309 624 157

345 706 374 743 ‘¹
391 703 461 799 qula
482 704 690 777 revertiffet:
732 704 839 800 idque
860 700 937 800 jure
966 688 1113 786 licitum,
1137 695 1218 793 quia
1242 721 1313 768 non

344 828 371 865 “
389 822 688 914 senatusconsultO,
720 850 792 895 non
823 824 900 919 lege
944 817 1057 917 pulsus
1096 815 1203 890 foret:
1252 813 1312 889 srbi

345 947 507 1015 “tamen
528 944 690 1015 adversus
721 968 804 1015 eurn
831 941 980 1037 integras
1006 936 1155 1034 parentis
1182 931 1232 1005 lui
1257 930 1310 1005 of-

344 1066 372 1101 “
389 1058 577 1134 fensrones:
608 1086 722 1158 neque
749 1060 863 1134 reditu
895 1057 998 1133 Silani
1027 1057 1197 1142 diffoluta‚
1232 1079 1312 1150 quae

345 1184 373 1219 “
392 1180 569 1277 Augustus
596 1180 791 1252 voluiffet.''
852 1178 932 1251 Fuit
966 1177 1107 1274 posthac
1133 1176 1169 1246 in
1196 1176 1311 1267 Urbe,

343 1322 458 1393 neque
481 1299 628 1370 honores
652 1300 797 1395 adeptus
824 1297 884 1369 est.

392 1418 509 1490 XXV.
536 1421 741 1491 Raanrunr
758 1417 884 1489 deinde
909 1418 953 1488 de
980 1415 1192 1487 moderanda
1206 1410 1313 1508 Papia

344 1535 508 1631 Poppaea,
523 1558 629 1631 quarn
652 1534 760 1608 senior
781 1534 961 1633 Augustus
984 1534 1058 1629 poll
1083 1531 1191 1627 Julias
1208 1556 1309 1629 roga-

344 1653 453 1727 tiones
470 1640 653 1725 incitandis
669 1653 834 1726 caelibum
851 1652 977 1749 poenis,
996 1656 1028 1725 δι
1051 1652 1214 1748 augendo
1231 1675 1312 1723 aera·

343 1771 394 1845 rio
421 1768 600 1843 sanxerat:
637 1798 701 1844 nec
734 1771 814 1844 ideo
843 1771 1064 1869 conjugia&
1092 1768 1312 1841 educationes

343 1890 491 1963 liberum
509 1887 827 1985 frequentabantur,
846 1890 1032 1987 praevalidh
1048 1888 1203 1961 orbitate.
1244 1889 1312 1961 Ce-

345 2011 459 2083 terlrm
493 2008 678 2095 multitudo
714 2007 980 2106 periclitantium
1020 2005 1196 2105 gliscebat,
1231 2008 1313 2081 cirnr

343 2128 458 2203 omnis
499 2129 627 2199 domus
651 2128 845 2201 delatorum
873 2125 1208 2224 interpretationibus
1232 2126 1312 2201 sub·

344 2266 555 2319 verteretur:
585 2266 695 2343 utque
723 2248 867 2320 antehac
896 2245 1049 2345 flagitiis,
1078 2245 1125 2317 ita
1153 2265 1236 2319 tunc
1264 2248 1313 2319 le·

345 2366 447 2463 gibus
463 2366 694 2439 laborabatur.
746 2368 799 2438 Ea
814 2389 868 2437 res
884 2366 1062 2453 admonet,
1090 2384 1129 2437 ut
1151 2366 1195 2437 de
1221 2366 1313 2462 prin-

345 2483 443 2580 cipiis
458 2482 555 2579 juris,
587 2488 620 2556 8:
638 2482 765 2580 quibus
795 2483 908 2556 modis
935 2485 980 2555 ad
1007 2484 1096 2555 hanc
1121 2485 1314 2559 multitudi-

343 2628 426 2675 nem
455 2601 628 2674 infinitam
660 2627 700 2673 ac
726 2600 925 2674 varietatem
961 2601 1081 2697 legum
1106 2622 1312 2696 perventum

262 2745 264 2748 ·
346 2724 397 2809 fit,
424 2720 523 2791 altibs
547 2719 717 2791 differam.

409 2838 542 2910 XXVI.
584 2839 867 2909 Varusrrssrnt
894 2838 1108 2927 mortalium,
1137 2838 1230 2911 nulla
1252 2840 1313 2912 ad·

344 2959 412 3030 huc
443 2956 534 3028 mall:
565 2955 720 3045 libidine,
754 2960 821 3029 fine
850 2958 990 3051 probro,
1029 2954 1164 3045 scelere,
1204 2958 1315 3055 eoque

344 3080 413 3150 fine
442 3078 545 3172 poena
586 3095 644 3147 aut
671 3075 948 3163 co'e'rcitionibus,
977 3076 1160 3171 agebant:
1200 3099 1315 3171 neque

344 3193 490 3291 praemiis
519 3218 605 3289 opus
634 3215 717 3282 erat,
746 3194 828 3266 cirrn
860 3193 999 3266 honesta
1030 3191 1149 3290 suopte
1175 3191 1316 3290 ingenio

345 3333 563 3411 peterentur3
590 3314 623 3383 ἃ
649 3311 710 3385 ubi
727 3294 817 3384 nihil
833 3332 954 3385 contra
977 3336 1110 3385 morem
1135 3333 1314 3409 cuperent,

345 3432 430 3503 nihil
448 3456 510 3528 per
525 3450 659 3504 metum
677 3432 893 3504 vetabantur.
943 3436 994 3504 At
1022 3430 1207 3527 postquam
1234 3430 1315 3503 exui

345 3551 534 3647 aequalitas,
553 3554 586 3622 ἃ
605 3575 668 3647 pro
684 3550 853 3623 modestia
882 3576 921 3623 ac
943 3552 1089 3646 pudore,
1114 3548 1258 3623 ambitio
1281 3553 1316 3621 ἃ

344 3669 396 3739 vis
424 3668 629 3753 incedebat3
675 3670 866 3764 provenere
907 3666 1185 3741 dominationes:
1223 3672 1314 3743 mul·

345 3784 466 3882 tosque
477 3787 572 3881 apud
588 3787 748 3883 populos,
767 3787 934 3859 aeternirm
951 3789 1116 3862 mansdre.
1158 3788 1321 3884 Qridam

345 3901 472 3995 statim,
508 3922 567 3977 aut
599 3904 783 4005 postquam
824 3930 949 4005 regum
990 3906 1183 4005 pertaesum,
1222 3909 1316 4005 leges
