3259 5284
378 592 450 645 210
594 566 1165 645 commanem

378 738 439 836 qui
468 736 627 813 Africam
654 741 889 833 obtinuerant,
920 740 1091 815 insontem
1117 738 1354 839 protexiffent,

377 857 583 933 claritudine
610 858 750 934 infausti
779 860 929 958 generis,
960 866 994 935 δι
1027 860 1179 959 paternis
1209 860 1357 934 advertit

377 976 466 1061 foret
488 978 685 1054 abstractus.

425 1099 526 1171 XIV.
551 1100 586 1171 Is
614 1124 779 1187 eunoun
795 1126 905 1201 annus
931 1099 1120 1199 legationes
1153 1103 1357 1176 Graecarum

376 1216 561 1290 civitatum
578 1216 715 1309 habuit,
731 1220 852 1294 Samiis
879 1226 908 1263 “
921 1220 1112 1315 Junonis,”
1131 1218 1216 1293 Cois
1241 1217 1356 1299 “AEs-

379 1343 407 1378 “
425 1335 554 1433 culapii
580 1337 742 1428 delubro,
768 1339 943 1413 vetustum
960 1338 1041 1435 asyli
1059 1337 1118 1436 jus
1141 1357 1181 1413 ut
1205 1340 1356 1417 firmare·

379 1462 408 1501 “
425 1457 523 1544 tur,''
559 1455 767 1553 petentibus.
817 1458 923 1531 Samii
951 1459 1092 1531 decreto
1119 1456 1357 1555 Amphitryo-

377 1600 463 1652 num
491 1575 702 1665 nitebantur,
726 1578 807 1673 quis
824 1577 1042 1674 praecipuum
1058 1576 1125 1652 fuit
1141 1602 1256 1652 rerunt
1279 1602 1357 1651 om·

375 1695 478 1779 nium
492 1692 683 1792 judicium,
711 1700 782 1793 qub
804 1698 1006 1794 tempestate
1040 1697 1169 1790 Graeci,
1206 1695 1356 1771 conditis

377 1838 438 1913 per
454 1816 573 1895 Asiam
589 1814 747 1906 urbibus,
776 1818 836 1889 orb
862 1817 965 1890 maris
995 1817 1230 1913 potiebantur.
1280 1816 1356 1889 Ne·

378 1958 447 2030 que
475 1932 588 2030 dispar
624 1935 719 2029 apud
748 1935 841 2008 Coos
871 1935 1081 2033 antiquitas;
1106 1941 1141 2010 δι
1167 1936 1357 2011 accedebat

378 2052 543 2128 meritum
570 2078 616 2127 ex
644 2055 734 2127 loco.
784 2055 882 2128 Nam
912 2054 1006 2128 cives
1025 2060 1206 2131 Romanos
1223 2055 1357 2150 templo

377 2169 572 2268 AEscfflapii
603 2172 826 2262 induxerant,
854 2174 951 2263 crini,
970 2172 1062 2271 juffu
1092 2173 1183 2272 regis
1212 2172 1356 2247 Mithri·

377 2289 480 2379 datis,
504 2292 598 2386 apud
626 2293 767 2365 cunstas
796 2295 886 2377 Afiae
915 2290 1038 2367 insulas
1068 2296 1101 2367 ὅτ
1126 2294 1229 2365 urbes
1250 2289 1357 2365 truci·

378 2410 551 2489 darentur.
600 2409 713 2486 Variis
728 2410 856 2485 dehinc
884 2414 918 2483 δι
947 2409 1067 2507 saepius
1094 2408 1201 2483 inritis
1227 2428 1356 2506 praeto-

376 2554 457 2603 rum
485 2528 673 2626 questibus,
696 2528 869 2625 postremi)
885 2528 1000 2603 Caesar
1022 2538 1050 2573 “
1063 2530 1108 2605 de
1133 2526 1354 2603 immodestia

381 2657 408 2693 ‘⁶
427 2648 659 2722 histrionum''
677 2648 805 2723 retulit.
857 2650 1017 2724 “Multa
1042 2651 1088 2722 ab
1111 2648 1153 2721 iis
1174 2648 1213 2721 in
1240 2646 1357 2744 publi·

382 2777 411 2814 “
430 2795 514 2843 cunr
531 2767 704 2858 seditiose,
731 2767 828 2842 foeda
846 2795 907 2866 per
923 2770 1048 2843 domos
1064 2766 1205 2841 tentari:
1229 2766 1361 2843 Oscum

381 2897 409 2943 ⁴⁶
428 2888 609 2986 quondam
641 2887 830 2980 ludicrum,
863 2888 1038 2963 levisfimae
1077 2889 1173 2985 apud
1206 2889 1358 2986 vulgum

381 3016 410 3055 “
427 3005 684 3097 obtestationis,
714 3007 757 3081 eb
773 3007 989 3107 flagitiorum
1012 3012 1044 3081 δι
1069 3006 1199 3081 virium
1215 3008 1360 3101 veniffe,

384 3136 412 3173 “
429 3147 469 3202 ut
489 3127 693 3203 auetoritate
721 3147 859 3223 patrum
887 3128 1121 3205 coercendum
1144 3128 1219 3201 fit.'’
1268 3128 1361 3207 Pulfi

382 3268 459 3322 turn
484 3245 665 3320 histriones
692 3246 801 3321 ltalit.

431 3367 513 3439 XV.
538 3366 642 3438 luunt
671 3390 781 3439 annus
809 3364 878 3438 alio
907 3390 1050 3462 quoque
1073 3367 1170 3439 luctu
1187 3362 1360 3447 Caesarem

382 3484 517 3573 adficit,
544 3485 693 3557 alterum
725 3484 770 3557 eir
798 3483 948 3583 geminis
972 3486 1074 3559 Drusr
1102 3484 1217 3559 liberis
1234 3484 1361 3561 exstin-

385 3602 553 3704 guendo:
586 3627 701 3700 neque
715 3602 832 3677 minus
849 3622 964 3677 morte
979 3602 1094 3677 amici.
1144 3606 1177 3678 Is
1199 3602 1264 3677 fuit
1286 3605 1361 3683 Lu·

384 3724 483 3798 cilius
499 3722 663 3819 Longus,
693 3723 855 3797 omnium
884 3722 935 3797 illi
957 3723 1103 3797 tristium
1132 3724 1363 3821 laetonrmque

384 3842 510 3933 socius,
543 3840 700 3939 unusque
738 3867 758 3916 e
793 3840 1004 3918 senatoribus
1031 3842 1179 3935 ¹Rhodii
1219 3842 1363 3921 secessus
1490 3894 1498 3907 ,

385 3988 514 4058 tumes,
563 3964 628 4054 Ita,
647 3988 863 4069 quamquam
880 3988 975 4039 novo
993 3962 1143 4055 homini,
1167 3961 1364 4047 censorium
