3259 5284
464 623 770 700 Avnnrrvnr
803 620 913 691 Lru.
937 615 999 690 ΙΙΙ.
1055 670 1057 673 -
1174 618 1238 713 185

277 803 306 841 “
319 816 460 892 ,tegram
477 793 608 866 rursum
624 794 669 865 ad
685 792 840 865 senatum
858 788 1053 865 reserrent.''
1078 788 1243 862 Consules

275 914 376 1011 super
391 938 448 985 eas
465 912 629 1002 civitates,
656 938 740 1009 quas
767 909 974 999 memoravi,
1005 914 1032 951 “
1050 910 1144 1005 apud
1160 909 1243 981 Per-

278 1042 306 1077 “
326 1058 471 1130 gamum
498 1029 688 1127 AEsculapii
722 1048 943 1127 compertum
969 1027 1125 1124 asylum'’
1152 1048 1243 1100 retu-

276 1154 414 1225 lerunt:
444 1158 471 1194 “
489 1170 617 1223 ceteros
649 1148 800 1223 obscuris
832 1151 879 1221 ob
911 1148 1113 1220 vetustatem
1141 1145 1245 1219 initiis

279 1277 306 1313 “
324 1270 410 1342 niti:
437 1296 518 1341 nam
534 1272 728 1363 Smyrnaeos
756 1268 936 1339 oraculum
965 1265 1153 1361 Apollinis,
1184 1292 1245 1338 cu-

279 1396 308 1457 .“
320 1386 379 1484 jus
394 1386 541 1484 imperio
557 1386 776 1459 Stratonicidi
804 1386 929 1459 Veneti
957 1387 1128 1481 templum
1151 1384 1245 1457 diea-

280 1516 309 1552 “
326 1508 462 1580 verint:
497 1507 629 1579 Tenios
661 1504 811 1603 ejusdem
837 1531 975 1578 carmen
1002 1502 1141 1594 referre,
1174 1530 1246 1601 quo

280 1634 308 1669 “
325 1625 454 1699 sacrare
470 1624 629 1723 Neptuni
647 1624 811 1723 effigiem,
842 1624 1023 1719 aedemque
1051 1621 1130 1719 juffi
1158 1626 1243 1695 sint:

280 1745 489 1842 “propiora
514 1745 717 1829 Sardianos3
743 1742 934 1815 Alexandri
957 1741 1093 1813 vinoris
1122 1741 1157 1812 id
1182 1742 1248 1813 do-

282 1871 309 1905 “
327 1889 436 1935 num:
473 1888 587 1959 neque
615 1862 729 1935 minus
754 1861 909 1935 Milesios
936 1859 1045 1934 Dario
1063 1885 1143 1958 rege
1161 1860 1246 1933 niti:

282 1987 310 2023 “
327 1979 385 2053 sed
400 1983 512 2054 cultus
528 1981 714 2054 numinum
742 1979 907 2077 utrisque,
934 1979 1086 2054 Dianam
1113 2000 1173 2051 aut
1197 1984 1248 2053 A·

284 2105 312 2141 “
330 2099 496 2195 pollinem
518 2098 717 2172 venerandi.
766 2102 887 2171 Petere
905 2104 937 2173 &
954 2098 1129 2171 Cretenses
1146 2102 1249 2171 stmu-

282 2223 311 2261 “
330 2220 420 2291 laeto
436 2218 509 2292 divi
526 2210 714 2317 Augusti?
762 2220 937 2315 Fassaque
953 2217 1249 2307 senatusconsulta,

282 2338 361 2433 quis
379 2338 490 2411 multo
508 2362 591 2409 cum
606 2339 749 2426 honore,
770 2338 895 2409 modus
923 2358 1040 2409 tamen
1058 2337 1251 2433 praescribe·

281 2457 408 2541 batur3
429 2454 578 2552 jussique
603 2462 631 2498 “
642 2456 722 2551 ipss
746 2456 780 2527 in
809 2457 948 2553 templis
972 2458 1080 2553 figere
1109 2482 1177 2529 aera
1202 2458 1251 2531 sa-

282 2581 312 2621 “
330 2576 494 2647 orandam
523 2576 569 2646 ad
597 2575 814 2664 memoriam,
844 2600 912 2648 neu
944 2574 1054 2671 specie
1081 2574 1253 2674 religionis

282 2699 311 2737 “
329 2692 366 2765 in
388 2692 615 2766 ambitionem
637 2694 915 2767 delaberentur.''

330 2812 465 2884 LXIV.
498 2814 572 2885 Sus
591 2810 685 2884 idem
703 2832 842 2908 tempus
860 2811 961 2907 Juliae
991 2812 1159 2911 Augustae
1191 2840 1253 2886 va-

281 2930 401 3001 letudo
417 2950 532 3019 atrox,
550 2930 832 3003 necessitudinem
854 2930 1004 3027 Principi
1020 2930 1101 3005 fecit
1117 2929 1253 3007 festina·

282 3049 310 3119 ti
328 3048 364 3121 in
381 3051 519 3121 Urbem
537 3048 688 3121 reditus:
714 3051 839 3121 fincerfi
854 3051 968 3121 adhuc
992 3048 1081 3126 inter·
1107 3072 1254 3125 matrem

283 3166 470 3263 filiumque
486 3167 690 3251 concordi&
722 3171 789 3240 five
812 3168 958 3239 occultis
990 3167 1089 3241 odiis.
1127 3172 1255 3268 Neque

279 3286 375 3362 enim
392 3285 503 3359 multb
521 3286 613 3375 ante,
633 3287 714 3359 cbm
731 3287 824 3359 haud
843 3288 965 3383 procul
996 3288 1128 3361 theatro
1156 3293 1253 3366 Mar-

217 3475 220 3482 .
279 3404 372 3494 celli,
390 3404 544 3502 effigiem
561 3404 645 3478 divo
663 3404 825 3503 Augusto
849 3404 944 3499 Julia
971 3403 1115 3499 dicaret,
1145 3411 1254 3487 Tibe-

280 3524 323 3597 rii
349 3549 479 3597 nomen
494 3522 555 3597 suo
574 3523 848 3621 postscripserat3
878 3524 985 3622 idque
1007 3526 1064 3597 ille
1090 3530 1255 3605 credeba·
1314 3590 1316 3593 -

283 3662 356 3734 tur,
379 3662 418 3715 ut
447 3640 586 3721 inferius
603 3639 778 3739 majestate
792 3642 977 3741 Principis,
996 3646 1096 3741 gravi
1114 3652 1147 3719 δι
1163 3648 1255 3723 diffi-

285 3763 414 3835 mulatd
429 3762 615 3834 offenfione
632 3761 810 3833 abdidisse.
851 3762 917 3833 Sed
945 3781 1022 3835 tum
1051 3762 1258 3864 “supplicia

286 3887 314 3922 “
332 3878 413 3970 diis,
441 3879 585 3975 ludique
614 3880 757 3977 magni”
783 3883 828 3955 ab
861 3883 978 3955 senatu
1011 3884 1256 3977 decernuntur,

283 4003 311 4059 r‘
329 4024 416 4107 quos
443 3997 640 4097 pontifices,
668 4002 701 4073 &
731 4024 891 4096 augures,
918 4006 951 4079 ἃ
978 4002 1257 4103 quindecimviri,
