3259 5284
335 578 406 651 314
544 552 1130 632 C.Conrttttthc1r1

335 736 362 772 “
380 728 491 826 estque
516 726 636 827 sugere
667 732 765 803 srmul
788 732 864 803 asta
897 735 930 804 &
962 727 1158 803 instantia.''
1207 729 1301 802 Haec

271 863 273 871 ⁴
332 848 419 921 vatis
438 848 472 922 in
492 850 640 923 modum
663 848 836 939 dislitans,
861 874 967 922 venas
984 846 1131 922 resolvit.
1181 848 1301 921 Docu-

334 987 454 1041 mento
481 966 655 1063 sequentia
689 988 803 1058 erunt,
833 971 923 1041 bene
951 966 1157 1042 Arruntium
1189 986 1302 1043 morte

332 1084 443 1159 usum.
494 1086 673 1161 Albucilla
697 1086 802 1161 inrito
832 1086 901 1160 istu
927 1114 948 1161 a
974 1086 1082 1161 semet
1111 1086 1302 1177 vulnerata,

327 1204 419 1305 jussu
446 1204 578 1279 senarias
607 1206 643 1279 in
667 1232 842 1281 carcerem
858 1206 972 1281 fertur.
1020 1208 1222 1303 Stuprorum
1234 1202 1304 1301 ejus

330 1324 489 1422 ministri,
527 1326 750 1399 “Carsidius
779 1328 958 1419 Sacerdos,
984 1324 1177 1423 praetorius,
1200 1344 1239 1396 ut
1267 1324 1303 1398 in

336 1444 527 1519 “insulam
552 1446 812 1541 deportaretur;
846 1445 990 1519 Pontius
1019 1444 1239 1542 Fregellanus
1268 1469 1304 1515 a·

336 1570 364 1609 “
384 1564 531 1641 mitteret
552 1565 711 1638 ordinem
728 1564 960 1639 senatorium:
987 1570 1020 1637 &
1039 1565 1171 1638 eaedem
1189 1588 1303 1660 poenae

336 1684 418 1757 “in
440 1682 591 1757 Laelium
619 1686 791 1758 Balbum’'
816 1686 1072 1759 decernuntur:
1099 1682 1137 1754 id
1161 1682 1305 1779 quidem

335 1829 357 1876 a
384 1802 594 1891 laetantibus,
618 1801 699 1899 quia
723 1804 849 1877 Balbus
878 1803 966 1877 truci
983 1802 1177 1900 eloquentia
1200 1804 1305 1876 habe-

335 1924 450 2009 batur,
478 1940 660 2018 promptus
684 1923 751 1995 adr
754 1947 870 1997 ersom
894 1922 1052 1997 insontes.

383 2042 519 2114 XLIX.
544 2043 685 2114 ltsorn
703 2041 827 2115 diebus
851 2044 930 2115 Sex
947 2040 1112 2139 Papinius
1135 1980 1306 2114 consulari

335 2158 480 2250 familia,
509 2161 776 2257 repentinum&
796 2160 983 2233 informem
1011 2162 1145 2235 exitum
1161 2160 1305 2257 delegit,

329 2278 422 2379 jado
439 2280 476 2357 in
494 2306 644 2377 praeceps
659 2306 825 2376 corpore:
850 2280 947 2356 causa
972 2283 1017 2355 ad
1046 2302 1193 2353 matrem
1217 2279 1305 2353 rese-

334 2401 487 2489 rebatur,
516 2425 595 2496 quae
625 2397 762 2496 pridem
790 2400 982 2497 repudiata,
1017 2398 1308 2473 adsentationibus

335 2540 441 2615 atque
470 2520 557 2591 luxu
587 2518 784 2615 perpulisset
807 2517 974 2615 juvenem
1002 2522 1047 2592 ad
1074 2544 1128 2611 ea,
1158 2544 1308 2614 quorum

335 2638 507 2735 effugium
524 2662 595 2710 non
612 2636 672 2709 nist
691 2658 799 2711 morte
816 2637 997 2712 inveniret.
1027 2638 1139 2737 Igitur
1154 2634 1309 2711 accusata

336 2755 373 2829 in
389 2755 520 2847 senatu,
535 2781 750 2854 quamquam
765 2781 878 2855 genua
895 2777 1033 2855 patrum
1048 2758 1306 2845 advolveretur,

337 2880 365 2921 “
384 2877 587 2973 lustumque
612 2900 852 2965 communem,
887 2882 921 2949 δι
952 2876 1064 2975 magis
1090 2876 1308 2951 imbecillum

337 2993 443 3069 “tali
468 2992 569 3091 super
597 2992 675 3067 casu
704 2990 910 3068 seminarum
941 2996 1137 3085 animum‚''
1171 2995 1309 3093 aliaque

335 3115 374 3187 in
391 3113 556 3187 eumdem
574 3114 732 3186 dolorem
749 3114 880 3206 maesta,
905 3120 939 3189 ὅ(
958 3114 1146 3187 miseranda
1160 3114 1222 3188 diu
1240 3114 1306 3187 set-

336 3256 401 3323 ret,
425 3234 527 3306 Urbe
550 3253 667 3305 tamen
692 3232 727 3305 in
755 3234 878 3307 decem
906 3259 1014 3308 annos
1042 3233 1217 3331 prohibita
1243 3236 1305 3331 est,

336 3354 450 3429 donec
478 3350 592 3447 minor
621 3350 711 3425 filius
736 3352 907 3428 lubricum
930 3351 1085 3450 juventae
1107 3353 1224 3427 exiret.

384 3473 438 3543 L.'
457 3474 542 3565 JAM
571 3470 755 3546 Tiberium
776 3498 916 3568 corpus,
936 3471 1011 3604 jam
1028 3472 1131 3563 vires,
1150 3471 1304 3543 nondum

314 3572 558 3663 'dissimulatio
590 3588 776 3665 deserebat.
826 3592 926 3663 Idem
953 3590 1060 3664 animi
1089 3592 1207 3690 rigor:
1240 3590 1306 3663 ser-

338 3734 444 3787 mone
477 3733 517 3780 ac
551 3709 676 3781 vultu
669 3726 833 3812 intentus,
852 3714 990 3807 quaesrta
1006 3710 1180 3788 interdum
1198 3709 1308 3785 comi-

337 3847 421 3920 tate,
453 3826 614 3925 quamvis
646 3826 861 3909 manifestam
885 3827 1117 3903 desefflonern
1140 3833 1307 3928 tegebat.

337 3947 545 4049 mutatisque
561 3945 680 4045 saepius
709 3945 806 4039 loeis,
835 3948 977 4055 tandem
993 3951 1086 4048 apud
1103 3968 1309 4049 promonto-
