3259 5284
485 578 788 651 Annrrrun
819 576 931 647 Lis.
967 572 1028 646 tv.
1175 598 1244 673 235

279 748 447 847 triumphi
464 752 608 850 adeptus
622 751 682 825 est.
722 748 821 823 Obiit
837 748 871 820 sc
887 748 934 820 L.
950 742 1137 834 Antonius,
1155 747 1245 819 mul·

280 872 313 941 td
335 868 535 943 claritudine
559 869 705 967 generis,
729 867 787 941 sed
815 865 1046 963 improsperd:
1073 890 1156 937 nam
1184 891 1246 963 pa·
1365 898 1367 902 ·

279 1004 330 1059 tre
346 987 431 1086 ejus,
457 990 540 1083 julo
556 986 725 1076 Antonio,
745 988 792 1059 ob
808 984 1015 1058 adulterium
1032 982 1135 1079 Juliae
1152 1010 1246 1057 mor-

278 1124 313 1179 te
330 1106 467 1203 punito,
493 1110 585 1181 hunc
605 1108 799 1180 admodum
823 1101 1128 1191 adolescentulum,
1153 1100 1246 1177 soro·

279 1225 323 1299 ris
338 1248 515 1323 nepotem,
540 1224 685 1324 seposuit
709 1223 889 1323 Augustus
904 1222 941 1294 in
956 1222 1133 1295 civitatem
1149 1218 1245 1296 Mas·

281 1343 459 1434 filiensem,
472 1344 533 1418 ubi
545 1344 565 1417 s
559 1345 654 1443 pecie
670 1343 864 1417 studiorum
880 1366 1009 1414 nomen
1027 1338 1134 1413 exfilii
1149 1359 1246 1439 tege·

278 1482 384 1537 retur.
432 1464 585 1537 Habitus
612 1482 728 1539 tamen
753 1459 920 1558 supremis
946 1458 1081 1532 honor:
1108 1461 1248 1558 ossaque

277 1584 415 1656 tumulo
430 1582 656 1656 Octaviorum
674 1580 791 1669 inlata,
818 1605 880 1676 per
904 1579 1085 1651 decretum
1099 1576 1245 1653 senatbs.

295 1702 297 1707 ’
325 1702 441 1773 XLV.
466 1703 607 1774 Itsnnru
625 1698 834 1787 consulibus,
858 1696 989 1771 facinus
1004 1715 1116 1787 atrox,
1141 1698 1177 1770 in
1195 1698 1245 1771 ci·

277 1818 400 1892 teriore
428 1815 610 1914 Hispanis,
645 1817 831 1890 admissum
861 1842 883 1889 a
914 1817 1069 1914 quodam
1098 1817 1245 1914 agreste,

278 1935 424 2009 nationis
439 1938 475 2009 T
477 1935 689 2009 ermestinae:
717 1935 746 2009 is
764 1955 946 2034 praetorem
972 1934 1173 2033 provinciae,
1198 1940 1244 2011 L.
1333 1928 1338 1935 ’

276 2053 449 2144 Pisonem,
475 2080 561 2151 pace
588 2052 809 2146 incuriosum,
835 2080 881 2127 ex
912 2053 1101 2151 improviso
1125 2055 1162 2128 in
1189 2056 1244 2130 iti·

276 2200 356 2248 nete
376 2175 530 2263 adortus,
567 2198 638 2246 uno
674 2176 815 2247 vulnere
842 2174 879 2246 in
910 2194 1061 2247 mortem
1089 2174 1241 2263 adfecit:

232 2329 235 2339 ·
274 2320 316 2369 ac
340 2294 539 2391 pernicitate
566 2292 649 2391 equi
668 2291 848 2391 profugus,
874 2293 1056 2390 postquam
1082 2292 1244 2370 saltuosos

274 2416 370 2487 locos
386 2412 559 2511 attigerat,
585 2412 723 2486 dimisso
744 2438 849 2511 equo,
875 2438 936 2509 per
952 2414 1091 2510 dirupta
1108 2420 1143 2487 δι
1166 2416 1245 2490 avia

274 2532 452 2630 sequentes
475 2531 649 2605 snutratus
675 2531 747 2605 est:
775 2557 889 2629 neque
911 2532 974 2605 diu
989 2530 1132 2606 fefellit:
1161 2560 1243 2608 nam

275 2648 442 2748 prehenso
457 2650 632 2747 dustoque
649 2676 711 2748 per
729 2650 914 2747 'proximos
931 2677 1040 2749 pagos
1056 2676 1162 2749 equo,
1180 2679 1241 2726 cu-

267 2767 325 2868 jus
346 2767 433 2841 foret
465 2768 669 2865 cognitum:
697 2774 730 2843 bt
757 2789 925 2868 repertus,
951 2770 1034 2843 curn
1061 2772 1243 2845 tormentis

273 2888 374 2961 edere
402 2886 553 2960 conscios
577 2888 783 2986 adigeretur,
809 2914 898 2963 voce
925 2893 1064 2987 magna,
1090 2888 1244 2962 sermone

275 3004 402 3104 patrio,
420 3013 449 3050 “
466 3004 589 3079 frustra
604 3006 637 3080 se
654 3007 879 3106 interrogari’'
895 3008 1106 3083 clamitavit:
1135 3016 1162 3053 “
1179 3012 1242 3083 ad-

274 3131 304 3169 “
322 3125 470 3199 fistetent
501 3123 581 3199 socii
610 3150 650 3199 ac
671 3125 884 3223 spectarent:
911 3128 1045 3200 nullam
1066 3126 1140 3201 vim
1166 3148 1241 3202 tan-

275 3250 304 3289 “
321 3264 395 3318 tam
410 3244 538 3318 doloris
549 3244 635 3337 sore,
662 3264 700 3318 ut
717 3244 897 3319 veritatem
912 3245 1084 3319 eliceret.’'
1123 3248 1241 3321 Idem·

271 3388 341 3462 que
368 3364 450 3437 cimt
487 3362 620 3459 postero
658 3364 703 3437 ad
733 3364 968 3461 quaefitionem
1000 3368 1240 3457 retraheretur,

271 3507 315 3556 eo
332 3480 406 3555 nisu
421 3481 591 3579 proripuit
608 3480 641 3556 se
657 3483 870 3576 custodibus,
894 3484 1045 3583 saxoque
1060 3506 1164 3583 caput
1178 3487 1240 3559 ad-

272 3598 378 3689 flixit,
404 3620 443 3673 ut
458 3600 573 3675 statim
590 3602 850 3678 exanimaretur.
898 3608 966 3679 Sed
993 3605 1070 3681 Piso
1095 3608 1131 3678 T
1132 3631 1242 3679 enne·

270 3717 438 3791 stinorum
459 3718 544 3792 dolo
583 3720 688 3795 caesus
725 3724 898 3801 habetur:
938 3724 1000 3823 qui
1027 3725 1188 3824 pecunias
1219 3750 1240 3799 e

270 3834 413 3933 publico
437 3835 653 3935 interceptas,
689 3841 815 3935 acrius,
842 3847 949 3942 quim
981 3862 1021 3918 ut
1054 3846 1237 3919 tolerarent

271 3955 418 4048 barbari,
444 3961 604 4055 cogebat.
