3259 5284
419 581 421 583 ’
498 558 795 629 nnuman
823 545 932 621 Lru.
957 548 1019 619 IV.
1194 568 1262 647 217

297 736 326 773 “
344 730 602 805 carminibus&
619 727 795 803 veneficiis
807 726 1009 801 vecordiam
1026 723 1195 814 marit0,''
1220 726 1272 797 in·
1362 720 1364 724 ’

297 848 375 923 sons
390 847 580 949 judicatur.

344 972 481 1044 XXIII.
507 972 542 1042 Is
562 993 709 1042 osmunt
738 994 847 1040 annus
873 968 1048 1064 populum
1066 970 1275 1041 Romanum

298 1091 409 1186 longo
439 1089 626 1161 adversdm
656 1087 855 1160 Numidam
886 1086 1149 1160 Tacfarinatem
1181 1086 1276 1158 bello

296 1207 455 1281 absolvit.
505 1210 602 1280 Nam
636 1207 766 1305 priores
794 1192 916 1295 duces,
954 1206 1017 1279 ubi
1050 1205 1274 1303 impetrando

296 1325 564 1424 triumphalium
579 1325 703 1424 insigni
716 1325 867 1399 sufficere
883 1351 937 1399 res
953 1324 1026 1398 suas
1043 1323 1273 1415 crediderant,

296 1445 434 1520 hostem
450 1446 677 1520 omittebant:
698 1443 845 1542 jamque
862 1465 928 1517 tres
944 1446 1102 1517 laureata
1121 1442 1157 1513 in
1173 1445 1275 1516 Urbe

296 1564 439 1651 statuae3
467 1570 501 1637 ac
529 1566 645 1637 adhuc
675 1567 835 1660 raptabat
868 1561 1025 1637 Africam
1060 1561 1274 1655 Tacfarinas,

297 1678 419 1755 audus
453 1686 665 1756 Maurorum
683 1683 834 1772 auxiliis,
861 1682 922 1780 qui
937 1683 1145 1771 Ptolemaeo,
1171 1684 1274 1776 Jubae

298 1802 387 1891 filio,
407 1799 556 1898 juventa
577 1800 763 1892 incurioso,
790 1801 930 1875 libertos
954 1801 1083 1899 regios,
1111 1805 1145 1874 bc
1168 1800 1274 1873 servi-

297 1919 345 1992 lia
360 1920 509 2017 imperia
527 1921 620 1993 bello
637 1938 868 1993 mutaverant.
908 1920 993 1991 Erat
1010 1918 1060 1992 illi
1077 1902 1274 2018 praedarum

298 2058 468 2137 receptor,
493 2065 534 2112 ac
550 2038 662 2112 socius
679 2038 888 2137 populandi,
915 2064 975 2112 rex
993 2042 1245 2113 Garamantum
1261 2069 1275 2125 ς

297 2182 369 2230 non
385 2178 425 2230 ut
441 2183 525 2231 cum
544 2157 700 2232 exercitu
720 2158 911 2247 incederet,
937 2156 997 2231 sed
1017 2156 1122 2230 miffis
1140 2158 1275 2232 levibus

298 2276 420 2373 copiis,
448 2304 526 2374 quae
543 2302 589 2350 ex
605 2276 803 2376 longinquo
828 2276 865 2348 in
887 2274 998 2373 majus
1019 2276 1272 2351 audiebantur:

295 2394 479 2493 ipsaquee
508 2396 701 2493 provincia,
727 2416 767 2470 ut
784 2396 861 2494 quis
881 2396 1030 2469 fortunae
1053 2396 1170 2493 inops,
1196 2423 1274 2470 mo-

297 2515 390 2588 ribus
417 2515 594 2606 turbidus,
627 2516 823 2613 promptius
846 2518 1005 2605 ruebant,
1044 2514 1128 2612 quia
1149 2515 1274 2606 Caesar‚

296 2632 374 2729 post
395 2658 447 2705 res
464 2658 485 2704 a
501 2632 608 2706 Blaeso
632 2634 760 2729 gestas,
786 2638 881 2731 quast
898 2632 1090 2730 nullisjam
1115 2633 1152 2706 in
1177 2634 1274 2707 Afri-

294 2752 339 2823 ca
361 2751 531 2840 hostibus,
558 2751 722 2850 reportari
749 2777 881 2824 nonam
910 2752 1086 2849 legionem
1102 2750 1295 2849 jufferatz.

297 2894 363 2942 nec
378 2869 563 2965 proconsul
579 2868 650 2967 ejus
673 2870 755 2943 anni
772 2872 814 2942 P.
833 2871 1019 2944 Dolabella
1043 2870 1187 2943 retinere
1211 2899 1272 2946 au-

243 3005 247 3013 ·
297 2987 352 3061 sus
368 3008 454 3079 erat,
474 2987 565 3086 juffa
580 2989 753 3085 Principis
770 2988 895 3087 magis,
924 2990 1031 3087 quam
1049 2988 1181 3064 incerta
1199 2993 1273 3065 bel·

297 3106 336 3198 li,
362 3128 530 3181 metuens.
1202 3090 1204 3094 ⁵

345 3228 481 3300 XXIV.
516 3229 659 3301 Icrrun
683 3226 900 3319 Tacfarinas,
938 3228 1087 3327 disperso
1117 3257 1271 3325 rumore,

296 3352 325 3389 “
342 3371 418 3419 rem
447 3350 648 3420 Romanam
676 3346 751 3419 aliis
768 3372 911 3444 quoque
933 3350 978 3421 ab
1001 3349 1201 3425 nationibus
1226 3354 1274 3426 la·

296 3473 324 3509 “
342 3465 461 3556 cerari,
496 3468 610 3563 eoque
642 3466 823 3563 paullatim
858 3465 979 3551 Africa
1011 3469 1195 3562 decedere,
1234 3498 1275 3546 ac

297 3587 440 3682 “polle
465 3585 615 3682 reliquos
642 3585 900 3675 circumveniri,
929 3588 951 3657 fi
976 3588 1107 3678 cundi,
1146 3590 1273 3687 quibus

298 3703 483 3776 “libertas
513 3702 651 3777 servitio
683 3703 814 3802 potior,
850 3703 1133 3794 incubuiffent;”
1169 3733 1275 3808 auget

296 3820 399 3910 vires,
440 3820 623 3919 pofitisque
657 3822 785 3911 castris,
828 3823 1060 3900 Thubuscum
1102 3828 1275 3924 oppidum

235 3963 241 3975 ·
294 3938 523 4015 circumfidet.
573 3946 624 4017 At
639 3942 841 4032 Dolabella,
873 3947 1050 4021 contracto
1077 3948 1175 4045 quod
1204 3970 1274 4022 erat
