3259 5284
512 604 814 673 Arruntium
847 600 958 672 Lis.
992 601 1037 672 II.
1214 627 1255 698 91

294 773 485 876 providum
513 772 712 848 &facilem
740 773 912 866 inanibus,
945 776 990 848 ad
1018 774 1262 850 Cbaldaeorum

295 893 469 994 promissa,
496 896 691 991 Magorum
714 892 819 984 sacra,
843 892 1058 968 somniorum
1082 893 1186 966 etiam
1210 895 1263 968 in·

292 1033 456 1113 terpretes
481 1013 643 1110 impulit:
677 1015 765 1086 dum
793 1021 1010 1110 “proavum
1036 1015 1262 1111 Pompeium,

294 1134 484 1208 “amitam
516 1131 745 1222 Scriboniam,
789 1157 868 1229 quae
902 1133 1081 1229 quondam
1113 1134 1264 1233 Augusti

294 1261 324 1298 “
341 1251 497 1350 conjunx
528 1251 651 1341 fuerat,
680 1249 898 1325 consobrinos
931 1249 1090 1341 Caesares,
1124 1255 1263 1350 plenam

294 1371 551 1470 “imaginibus
572 1372 744 1444 domum”
770 1371 940 1457 ostentat;
973 1372 1196 1468 hortaturque
1217 1373 1263 1446 ad

293 1495 418 1566 luxum
441 1495 474 1562 δι
496 1517 543 1564 aes
564 1489 730 1579 alienum,
752 1488 862 1563 socius
884 1489 1069 1566 libidinum
1094 1495 1127 1564 δι
1149 1489 1263 1564 neces-

293 1615 442 1700 sitatum,
461 1610 533 1707 quo
550 1609 704 1706 pluribus
720 1609 857 1686 indiciis
873 1609 1044 1708 inligaret.

339 1731 510 1804 XXVIII.
526 1730 589 1802 Ur
609 1754 718 1801 sarrs
735 1728 888 1820 testium,
908 1735 940 1804 &
960 1731 1021 1828 qui
1037 1729 1122 1804 servi
1139 1731 1262 1806 eadem

292 1847 483 1938 noscerent,
507 1847 645 1945 reperit,
671 1848 807 1920 aditum
825 1850 870 1922 ad
886 1849 1081 1946 principem
1097 1849 1262 1947 postulat,

291 1968 526 2043 demonstrato
552 1967 697 2041 crimine
723 1971 758 2040 δι
783 1993 842 2040 reo
865 1993 925 2066 per
945 1969 1113 2043 Flaccum
1134 1968 1262 2043 Vescu-

294 2087 418 2162 larium
437 2087 590 2186 equitem
613 2091 835 2176 Romanum,
857 2086 914 2160 cui
935 2087 1075 2184 propior
1096 2113 1177 2162 cum
1199 2088 1263 2162 Ti-

292 2208 390 2282 berio
404 2205 482 2282 usus
498 2226 579 2280 erat.
629 2204 742 2282 Caesar
758 2206 926 2279 indicium
943 2208 1036 2280 haud
1052 2205 1262 2304 aspernatus,

295 2329 494 2426 congressus
516 2326 662 2400 abnuit:
692 2333 719 2368 “
737 2326 833 2422 pofl'e
854 2324 963 2415 enim,
988 2327 1113 2401 eodem
1135 2329 1264 2402 Flacco

293 2455 322 2490 ‘⁴
339 2446 564 2535 internuntio,
591 2444 764 2518 sermones
789 2447 1020 2522 commeare.''
1069 2452 1189 2546 Atque
1210 2447 1262 2521 in-

291 2566 394 2640 terim
426 2564 603 2640 Libonem
631 2584 731 2636 ornat
760 2567 923 2661 praetural,
954 2565 1170 2642 convictibus
1201 2569 1262 2640 ad-

293 2686 403 2774 hibet,
427 2711 499 2758 non
515 2686 615 2757 vultu
631 2683 809 2772 alienatus,
835 2709 907 2756 non
923 2684 1037 2756 verbis
1054 2687 1264 2760 commotior

294 2803 402 2900 (adeo
418 2803 504 2876 iram
522 2802 741 2896 condiderat)
765 2803 962 2897 cunstaque
982 2801 1052 2900 ejus
1076 2803 1168 2876 dieta
1190 2803 1262 2877 sac-

289 2941 397 3021 taque
414 2922 496 2994 cirm
510 2921 692 3017 probibere
708 2923 833 3017 posset,
847 2919 928 2994 scire
945 2922 1118 2996 malebat:
1148 2925 1263 2998 donec

293 3041 417 3138 Junius
443 3040 599 3137 quidam,
624 3059 772 3113 tentatus
796 3061 835 3113 ut
858 3040 1006 3114 infernas
1029 3043 1167 3114 umbras
1188 3068 1263 3118 car·

292 3159 445 3233 minibus
461 3159 608 3250 eliceret,
629 3162 674 3233 ad
691 3158 890 3232 Fulcinium
909 3159 1076 3234 Trionem
1093 3160 1262 3236 indicium

290 3279 442 3352 detulit:
477 3279 611 3352 celebre
645 3277 732 3351 inter
761 3276 972 3353 accusatores
1000 3279 1138 3354 Trionis
1164 3281 1262 3380 inge-

291 3397 390 3474 nium
412 3418 498 3488 erat,
520 3397 734 3495 avidumque
756 3395 859 3470 famae
883 3401 995 3472 malae.
1045 3400 1169 3474 Statim
1185 3427 1262 3474 cor-

290 3517 373 3615 ripit
405 3543 516 3607 reum,
551 3516 621 3590 adit
653 3516 822 3609 consules,
856 3517 990 3594 senatlrs
1024 3519 1263 3617 cognitionem

291 3635 422 3732 poscit:
458 3641 492 3710 lc
518 3655 685 3709 vocantur
711 3656 837 3735 patres,
862 3638 994 3728 addito,
1021 3638 1262 3714 “consultam

293 3765 320 3800 “
337 3759 426 3830 dum
442 3757 543 3854 super
561 3781 596 3829 re
613 3762 741 3855 magml
757 3762 790 3831 δι
807 3757 949 3830 atroci.'’

315 3876 453 3950 XXIX.
480 3879 584 3949 Lino
612 3875 749 3950 interim
779 3877 872 3949 veste
901 3881 1046 3986 mutatas,
1080 3905 1162 3954 cum
1193 3883 1262 3977 pri-

290 3993 448 4077 moribus
464 3991 615 4090 seminis,
639 3995 819 4073 circumire
840 3997 978 4089 domos,
1005 4025 1099 4072 orare
1114 4001 1259 4092 adfines,
