3259 5284
379 599 426 675 34
570 572 1164 645 C.Conu1·:a11Tnc1r1

269 749 273 756 ’
378 773 460 843 pam
489 745 606 836 vertit,
635 746 673 817 sit
702 753 729 788 “
755 745 877 842 fiquis
899 745 1040 842 agmine
1064 743 1262 832 decessisset,
1288 763 1353 841 pro
1434 829 1438 838 Ι

379 863 597 937 “desertore
626 859 725 938 sore”
754 864 947 953 clamitans,
981 864 1120 937 reduxit
1145 863 1182 936 in
1210 862 1354 937 hiberna

377 984 551 1074 turbidos,
583 989 615 1058 ἃ
635 983 720 1056 nihil
736 983 843 1057 ausos.

428 1105 602 1178 XXXIX.
630 1105 810 1178 Iurnnsn
827 1105 932 1202 legati
949 1107 993 1178 ab
1010 1104 1141 1194 senatu,
1164 1102 1353 1199 regressum

372 1223 448 1323 jam
476 1225 570 1320 apud
597 1227 707 1296 Aram
733 1223 912 1297 Ubiorum
937 1222 1186 1297 Germanicum
1214 1223 1354 1294 adeunt.

379 1346 474 1418 Duae
497 1342 546 1416 ibi
569 1342 736 1440 legiones,
763 1343 876 1444 prima
900 1364 1004 1440 atque
1026 1341 1198 1431 vicefima,
1223 1361 1353 1413 vetera·

379 1463 485 1560 nique
498 1487 610 1558 nuper
626 1461 713 1534 miffi
727 1460 790 1535 sdb
803 1463 934 1534 vexillo
946 1452 1155 1535 hiemabant.
1204 1459 1355 1533 Pavidos

381 1587 415 1656 δι
440 1579 644 1654 conscientie
668 1581 835 1654 vecordes
856 1581 961 1652 intrat
985 1601 1112 1669 metus,
1138 1580 1268 1654 venisse
1292 1606 1353 1676 pa-

381 1699 589 1798 trumjussu,
615 1700 676 1796 qui
691 1699 784 1772 irrita
797 1698 960 1790 facerent,
986 1723 1067 1798 quae
1079 1724 1141 1796 per
1153 1699 1355 1772 seditionem

382 1820 632 1916 expresserant:
668 1839 777 1916 utque
810 1845 886 1892 mos
916 1821 1040 1916 vulg0‚
1077 1818 1237 1914 quamvis
1267 1815 1356 1890 salsis

380 1965 481 2014 reum
518 1936 677 2029 subdere,
729 1937 933 2012 Munatium
970 1939 1141 2012 Plancum
1178 1934 1355 2010 consulatu

381 2055 554 2148 fundum,
582 2055 774 2152 principem
798 2057 993 2155 legationis,
1013 2059 1191 2131 audlorem
1207 2051 1356 2126 senatus-

382 2175 527 2250 consulti
549 2175 720 2248 incusant:
745 2175 782 2247 &
807 2178 910 2249 noste
931 2175 1103 2249 concubia
1124 2173 1294 2248 vexillum
1319 2171 1356 2243 in

382 2295 494 2367 domo
521 2294 720 2368 Germanici
747 2299 847 2368 situm
871 2294 1025 2392 flagitare
1047 2293 1241 2390 occipiunt:
1270 2317 1355 2364 con·

382 2411 554 2508 cursuque
579 2413 623 2484 ad
640 2411 785 2510 januam
808 2411 913 2500 sado,
938 2412 1128 2485 moliuntur
1154 2409 1267 2485 fores:
1293 2435 1355 2482 ex-

383 2533 532 2606 trattun
546 2529 654 2604 cubili
669 2529 852 2621 Caesarem,
871 2532 1005 2604 tradere
1021 2529 1204 2619 vexillum,
1221 2530 1357 2602 intento

384 2650 506 2724 mortis
523 2671 633 2738 metu,
650 2647 837 2747 subigunt:
857 2675 943 2721 mox
955 2649 1036 2747 vagi
1049 2675 1111 2746 per
1126 2648 1211 2737 vias,
1234 2648 1359 2721 obvios

384 2769 539 2843 habuere
565 2770 710 2866 legatos,
745 2768 863 2841 audit&
887 2769 1174 2859 consternatione,
1200 2770 1243 2841 ad
1269 2769 1342 2840 Ger

385 2888 564 2962 manicum
593 2890 791 2961 tendentes:
822 2887 985 2986 ingerunt
1013 2887 1257 2972 contumelias;
1291 2912 1357 2959 cae-

385 3009 469 3081 dem
488 3027 621 3103 parant,
646 3008 776 3079 Planco
798 3004 967 3095 maxime,
990 3031 1096 3102 quem
1112 3006 1263 3103 dignitas
1277 3004 1362 3102 sugd

386 3125 635 3222 impediverat:
664 3150 778 3222 neque
805 3123 900 3196 aliud
928 3124 1132 3220 periclitanti
1157 3123 1359 3213 subfidium,

366 3287 368 3290 ·
387 3247 496 3342 quam
512 3244 618 3317 castra
635 3243 757 3339 primae
773 3242 937 3338 legionis:
964 3243 1032 3315 illic
1048 3247 1144 3343 signa
1158 3245 1192 3313 &
1208 3242 1361 3338 aquilam

386 3364 584 3458 amplexus,
611 3361 777 3459 religione
788 3360 854 3434 sese
870 3365 1063 3435 tutabatur:
1087 3389 1127 3435 ac
1148 3361 1184 3432 ni
1203 3359 1363 3457 aquilifer

387 3479 598 3577 Calpurnius
614 3479 688 3552 vim
713 3502 907 3553 extremam
923 3479 1094 3570 arcuisset,
1119 3504 1235 3552 ramm
1258 3479 1364 3552 etiam

386 3601 476 3674 inter
492 3599 619 3688 hostes,
649 3600 782 3696 legatus
805 3598 927 3696 populi
942 3598 1112 3688 Romani,
1139 3597 1311 3672 Romanis
1326 3599 1363 3671 in

389 3718 519 3808 castris,
553 3715 717 3814 sanguine
746 3716 806 3790 suo
838 3716 957 3790 altaria
989 3718 1097 3791 desim
1128 3718 1364 3792 commacula-

389 3837 498 3910 visset.
548 3837 647 3908 Luce
675 3836 835 3926 demum,
862 3835 1046 3932 postquam
1071 3837 1159 3926 dux,
1189 3841 1224 3910 &
1250 3837 1365 3926 miles,

389 3960 424 4030 &
442 3953 530 4028 sassa
545 3952 787 4048 noscebantur,
811 3953 979 4052 ingressus
994 3953 1101 4030 castra
1121 3956 1365 4046 Germanicus,
