3259 5284
486 622 1008 706 Anrrrranrn.1.
1192 653 1230 708 tr

264 806 531 907 pulcherrimum
559 805 690 881 facinus
714 805 911 880 viderenrr:
958 813 986 851 “
1003 831 1096 880 nunc
1119 805 1235 883 senem

265 936 294 973 “
310 927 519 1026 Principem,
546 929 652 1025 longl
668 927 834 1025 potentio,
852 926 991 1025 provisis
1013 926 1115 1001 etiam
1136 930 1233 1001 bere·

266 1051 397 1122 “dum
425 1049 460 1120 in
489 1048 741 1144 rempublicam
772 1047 912 1146 opibus,
945 1046 1075 1144 auxilio
1107 1047 1235 1123 scilicet

265 1176 295 1212 “
311 1168 447 1242 militari
461 1169 643 1258 tuendum,
657 1187 694 1240 ut
710 1165 881 1266 sepultura
896 1165 967 1265 ejus
983 1167 1100 1264 quieta
1109 1168 1235 1244 foret.'’

310 1290 374 1362 IX.
403 1291 573 1362 Murrus
591 1287 673 1361 hinc
690 1286 762 1385 ipso
779 1290 824 1361 de
841 1288 1000 1386 Augusto
1016 1286 1140 1381 sermo,
1159 1291 1234 1387 ple·

260 1407 371 1506 risque
395 1435 484 1482 vana
511 1407 738 1481 mirantibus:
777 1416 805 1451 “
826 1408 922 1507 quod
949 1408 1044 1481 idem
1075 1409 1148 1483 dies
1175 1436 1233 1485 ac·
1331 1393 1334 1396 ⁴

263 1535 292 1572 “
310 1529 401 1625 cepti
419 1530 596 1625 quondam
608 1528 742 1626 imperii
759 1529 932 1627 princeps,
960 1529 994 1599 δι
1015 1528 1096 1603 vitae
1119 1528 1233 1627 supre-

267 1656 296 1691 “
313 1674 414 1734 mus;
449 1649 545 1745 quod
562 1651 665 1723 Nolae
682 1649 718 1722 in
735 1651 842 1722 domo
859 1653 893 1721 ἃ
909 1648 1087 1737 cubiculo,
1113 1648 1235 1748 inquo

266 1773 296 1810 “
314 1789 409 1864 pater
423 1767 492 1866 ejus
508 1769 688 1860 Oblavius,
713 1768 822 1842 vitam
838 1767 1009 1841 finiviffet.
1058 1768 1234 1844 Numerus

265 1893 294 1929 “
312 1885 412 1960 etiam
439 1886 675 1962 consulatuum
692 1890 937 1978 celebrabatur,
961 1913 1032 1984 quo
1057 1888 1234 1964 Valerium

264 2013 294 2048 “
311 2009 465 2080 Corvum
488 2013 522 2082 ὃς
541 2010 582 2081 C.
594 2007 749 2082 Marium
771 2010 870 2080 simul
892 2025 1103 2103 aequaverat3
1122 2009 1234 2081 conti·

264 2134 293 2169 “
311 2131 413 2200 nuata
429 2151 490 2224 per
504 2126 633 2224 septem
650 2131 683 2199 δι
695 2126 835 2226 triginta
850 2152 956 2200 annos
971 2126 1152 2200 tribunicia
1168 2153 1232 2226 po-

260 2253 293 2289 “
309 2247 430 2333 testam
467 2273 594 2320 nomen
628 2245 840 2344 imperatoris
867 2245 971 2318 semel
998 2265 1102 2342 atque
1127 2247 1233 2323 vicies

262 2373 293 2409 “
312 2387 473 2464 partum3
506 2366 641 2463 aliaque
670 2367 842 2439 honorum
885 2364 1127 2462 multiplicata,
1172 2389 1232 2444 aut

262 2493 293 2528 “
310 2488 437 2559 nova.''
488 2491 537 2560 At
558 2486 652 2582 apud
665 2486 848 2582 prudentes
864 2483 937 2557 vita
959 2482 1029 2582 ejus
1052 2488 1145 2560 varie
1168 2514 1230 2563 ex-

261 2606 456 2694 tollebatur,
482 2606 739 2703 arguebaturve.
788 2603 843 2677 Hi
874 2609 903 2645 “
916 2602 1041 2699 pietate
1062 2631 1143 2703 erga
1170 2634 1231 2705 pa·

258 2731 450 2813 “'rentem,
475 2723 762 2798 &necessitudine
777 2722 988 2819 reipublicae,
1009 2725 1047 2796 in
1063 2729 1132 2819 qul
1152 2729 1231 2799 nul-

261 2850 289 2886 “
307 2845 359 2915 lus
377 2862 459 2916 tunc
486 2842 619 2939 legibus
644 2844 752 2932 locus,
780 2843 825 2914 ad
846 2866 940 2914 arma
961 2841 1078 2913 civilia
1097 2845 1230 2935 aetum,

261 2970 290 3006 “
308 2989 385 3059 quae
402 2987 515 3059 neque
533 2961 639 3058 parari
657 2965 803 3057 pollent,
827 2985 940 3056 neque
956 2960 1073 3032 haberi
1089 2986 1151 3057 per
1166 2965 1231 3036 bo·

261 3088 368 3154 “nas
400 3102 507 3154 anes:
544 3083 652 3153 multa
677 3081 849 3170 Antonio,
883 3081 970 3152 dum
1003 3079 1231 3156 interfectores

260 3199 410 3295 “patris
437 3199 665 3289 ulcisceretur,
696 3201 805 3273 multa
830 3199 970 3296 lepido
1009 3203 1230 3289 conceffiffe3

259 3325 287 3362 “
306 3319 486 3416 postquam
502 3319 560 3393 hic
577 3319 728 3422 locor&
744 3317 903 3408 senuerit,
918 3319 975 3392 ille
992 3345 1052 3416 per
1065 3319 1228 3396 libidines

258 3444 288 3480 “
306 3439 553 3540 peffumjatus
571 3441 623 3528 fit,
646 3464 721 3510 non.
744 3438 839 3511 aliud
858 3437 1086 3516 ¹discordantis
1110 3441 1228 3537 patriae
1334 3461 1337 3469 '

258 3556 496 3630 “remedium
522 3555 634 3647 fuine,
670 3559 776 3654 quom
804 3578 844 3632 ut
871 3561 917 3632 ab
948 3584 1020 3633 uno
1047 3580 1229 3656 regeretur.

257 3676 390 3748 “Non
418 3697 525 3774 regno
541 3696 671 3768 tamen,
701 3701 814 3774 neque
841 3676 1022 3766 dielaturQ
1048 3676 1106 3750 sed
1127 3680 1227 3754 Prin·

255 3793 390 3889 “cipis
422 3794 563 3867 nomine
591 3795 807 3868 constitutam
834 3795 1107 3891 rempublicam:
1143 3798 1229 3870 mari

257 3919 286 3957 “
302 3915 458 4005 Oceano,
475 3933 532 3986 aut
548 3913 707 3988 amnibus
736 3913 937 4014 longinquis
960 3912 1096 4012 septum
1117 3914 1228 4014 impe-

253 4040 283 4077 “
301 4031 391 4108 rium
405 4061 420 4108 t.
445 4033 614 4133 regiones,
630 4035 839 4133 provincias,
869 4037 1001 4128 classes,
1031 4035 1230 4112 canusin-
