3259 5284
359 574 405 672 56
573 571 616 644 C.
647 567 919 644 consess:
950 539 1155 644 Tncsrt

357 741 479 816 omissi
509 743 617 833 caede,
644 743 798 840 praedam
829 739 1051 830 sesbantium3
1078 740 1247 837 enisaeque
1277 733 1326 810 le-

358 860 492 958 giones,
532 859 783 957 vesperascente
813 859 885 950 die,
922 859 959 932 in
985 879 1099 956 aperta
1128 864 1161 934 δι
1194 857 1325 932 solida:

357 1006 472 1078 neque
499 979 528 1052 is
559 978 769 1054 miseriarum
801 979 902 1054 finis:
922 991 926 1000 '
944 977 1145 1080 struendum
1177 978 1326 1065 vallum,

357 1098 525 1194 petendus
541 1123 671 1195 agger:
698 1099 815 1172 amiffa
831 1099 959 1196 magni
974 1123 1018 1170 ex
1034 1115 1144 1194 parte,
1171 1119 1231 1192 per
1247 1119 1328 1192 quae

357 1215 507 1313 egeritur
533 1217 672 1305 humus,
697 1238 755 1290 aut
784 1217 955 1290 exciditur
983 1215 1117 1313 cespes:
1154 1239 1225 1286 non
1251 1232 1327 1285 ten-

281 1366 283 1373 ·
357 1334 444 1407 toria
475 1334 671 1432 manipulis,
713 1361 785 1408 non
817 1334 970 1408 fomenta
1000 1333 1144 1406 sauciis:
1182 1329 1327 1404 infestos
1414 1338 1418 1346 '

358 1477 461 1525 coeno
486 1473 544 1525 aut
566 1478 685 1526 cruore
711 1453 806 1528 cibos
832 1453 1039 1543 dividentes,
1065 1449 1211 1525 funestas
1232 1468 1327 1524 tene-

357 1572 449 1660 bras,
476 1575 510 1644 &
542 1589 594 1643 tot
627 1571 809 1644 hominurn
831 1571 983 1645 millibus
1005 1593 1117 1644 unum
1139 1567 1215 1665 jam
1250 1566 1326 1639 reli-

358 1713 470 1784 quum
481 1688 577 1762 diem
588 1691 872 1764 lamentabantur.

408 1805 543 1882 LXVI.
567 1811 597 1882 F
600 1834 702 1882 onst
725 1835 836 1906 equus
860 1807 1011 1904 abmptis
1029 1805 1174 1880 vinculis
1202 1828 1327 1901 vagus,

360 1925 395 1996 δι
422 1925 573 2000 clamore
600 1927 752 2017 territus,
790 1924 959 2024 quosdam
982 1924 1236 2000 occurrentium
1265 1924 1329 1994 ob·

358 2043 536 2122 turbavit:
572 2067 667 2152 tanta
690 2045 774 2120 inde
801 2044 1026 2120 consternatio
1053 2044 1214 2139 inrupisse
1240 2043 1330 2116 Ger·

359 2187 483 2236 manos
506 2164 735 2254 credentium,
760 2184 800 2238 ut
823 2163 938 2238 cunni
963 2182 1099 2236 ruerent
1121 2161 1166 2232 ad
1189 2177 1327 2255 portas:

360 2306 510 2377 quarum
550 2283 754 2355 Decumana
789 2279 941 2356 maxine
983 2282 1174 2375 petebatur,
1215 2275 1331 2350 aversa

358 2396 461 2489 hosti,
489 2403 522 2472 ἃ
547 2398 759 2498 fugientibus
781 2399 900 2473 tutior.
960 2396 1112 2486 Caecina,
1150 2413 1331 2490 comperto

358 2539 485 2590 vanam
506 2519 574 2590 esse
589 2515 825 2608 formidinem,
850 2519 932 2591 cum
947 2535 1063 2590 tamen
1084 2539 1197 2612 neque
1211 2514 1330 2586 aueto-

359 2633 471 2724 ritate,
508 2661 622 2732 neque
646 2636 820 2732 precibus,
858 2661 902 2708 ne
927 2661 1032 2710 manu
1062 2633 1204 2732 quidem
1228 2627 1329 2704 obsrs-

359 2771 445 2840 tere,
482 2771 542 2825 aut
566 2753 708 2826 retinere
733 2754 880 2828 militem
912 2753 1046 2852 quiret3
1086 2748 1255 2850 projestus
1294 2749 1331 2822 in

359 2867 480 2942 limine
503 2891 626 2966 portae,
652 2870 864 2947 miseratione
885 2875 1044 2963 demum,
1071 2871 1152 2970 quia
1172 2895 1233 2968 per
1255 2893 1332 2940 cor·

361 3016 427 3086 pus
448 2991 552 3088 legati
574 2993 730 3065 eundum
753 3013 838 3082 erat,
864 2994 980 3067 clausit
1001 2991 1120 3066 viatn:
1148 2989 1246 3062 fimul
1269 2985 1331 3058 tri-

360 3107 448 3182 buni
461 3113 494 3181 ὅτ
508 3109 724 3184 centuriones
740 3109 862 3184 salsum
876 3136 1043 3206 pavorem
1056 3113 1260 3182 docuerunt.

336 3280 341 3288 -
408 3228 560 3299 LXVII.
584 3228 701 3300 Tunc
724 3253 980 3302 cournncsos
1003 3228 1040 3300 in
1058 3223 1240 3324 principia,
1260 3221 1333 3322 jus·

359 3343 481 3443 sosque
504 3344 701 3418 disiacum
733 3345 865 3419 silentio
892 3345 1060 3442 accipere,
1095 3342 1260 3440 temporis
1288 3369 1329 3418 ac

360 3462 561 3534 necessitatis
593 3483 724 3536 monet.
774 3465 937 3538 “Unam
964 3462 1001 3535 in
1038 3462 1141 3538 armis
1173 3461 1331 3550 salutern,

362 3585 391 3622 “
405 3578 463 3653 sed
498 3603 539 3653 ea
579 3582 720 3654 confilio
761 3584 1010 3681 temperanda:
1051 3582 1335 3677 manendumque

362 3698 497 3772 “intra
529 3701 674 3790 vallum,
701 3702 814 3776 donec
852 3701 1077 3799 expugnandi
1113 3699 1226 3772 hostes
1261 3698 1334 3796 spe,

362 3817 547 3914 “propius
572 3815 816 3895 succederent:
856 3847 942 3895 mox
967 3819 1124 3917 undique
1149 3844 1333 3916 erumpen-

363 3942 391 3980 ‘⁴
401 3935 513 4010 dum:
551 3937 610 4012 ills
644 3939 824 4038 eruptione
859 3941 905 4014 ad
940 3940 1109 4016 Rhenum
1141 3935 1333 4038 perveniri:
