3259 5284
385 552 454 641 248
651 548 1176 623 C.Conunt11Tactrr

384 746 456 793 non
491 722 666 819 degener3
697 722 814 819 &Q
827 724 994 797 Haterius
1024 721 1155 796 familia
1181 718 1357 807 senatoria,

381 840 603 937 eloquentia,
637 844 753 939 quoad
783 841 884 931 vixit,
917 844 1116 915 celebratae:
1144 840 1358 913 monimenta

383 956 513 1055 ingenii
530 958 601 1056 ejus
617 960 711 1032 haud
729 960 871 1059 perinde
887 962 1087 1033 retinentur.
1135 958 1273 1031 Scilicet
1288 957 1356 1029 im·

383 1096 467 1173 petu
493 1078 616 1175 magis,
644 1080 751 1175 quim
775 1082 856 1151 curi
878 1080 1043 1175 vigebat:
1079 1096 1187 1175 utque
1211 1076 1357 1149 aliorum

383 1196 563 1269 meditatio
589 1200 622 1269 δι
652 1200 749 1270 labor
773 1195 808 1269 in
832 1196 1006 1293 posterum
1027 1196 1186 1281 valescit;
1213 1199 1257 1268 fic
1278 1197 1356 1269 Ha·

382 1314 456 1387 terii
482 1341 647 1389 canomm
675 1316 762 1389 illud
790 1320 824 1387 ἃ
849 1318 1037 1413 profluens,
1060 1341 1142 1389 cum
1164 1313 1237 1411 ipso
1258 1314 1356 1386 fimul

382 1432 590 1507 exstinc‘lum
608 1434 668 1507 est.

432 1554 549 1625 LXll.
576 1556 631 1627 Μ.
648 1558 835 1645 Ltcruro,
864 1557 911 1628 L.
933 1554 1124 1651 Calpurnio
1147 1550 1355 1640 consulibus,

382 1672 578 1769 ingentium
600 1675 773 1747 bellorum
796 1675 935 1746 cladem
961 1673 1115 1771 aequavit
1143 1673 1274 1745 malum
1291 1672 1356 1743 im·

385 1788 581 1886 provisum:
624 1790 696 1889 ejus
728 1792 870 1865 initium
909 1794 1009 1865 simul
1042 1796 1076 1865 a
1110 1790 1188 1863 finis
1219 1788 1355 1863 exstitit.

376 1911 481 1983 Nam
503 1932 622 2005 coepto
642 1913 736 2007 apud
763 1911 911 1984 Fidenas
937 1912 1205 2009 amphitheatro,
1229 1910 1358 1985 Atilius

383 2028 529 2135 quidam
546 2030 697 2103 libertini
713 2029 860 2127 generis,
882 2030 955 2127 qui)
971 2028 1202 2127 spedaculum
1226 2028 1356 2127 gladia·

380 2168 501 2221 torum
518 2150 719 2239 celebraret,
744 2173 859 2245 neque
881 2148 1109 2221 fundamenta
1133 2174 1194 2243 per
1207 2146 1357 2220 solidum

381 2264 546 2357 subdidit,
569 2293 681 2364 neque
694 2266 799 2339 sirmis
815 2266 962 2340 nexibus
978 2268 1133 2364 ligneam
1149 2290 1358 2365 compagem

383 2384 625 2481 superstruxit:
652 2408 691 2459 ut
714 2385 775 2483 qui
793 2411 863 2457 non
879 2386 1089 2460 abundantii
1105 2387 1275 2483 pecuniae,
1294 2412 1359 2459 nee

381 2504 583 2603 municipali
606 2506 806 2596 ambitione,
832 2504 889 2577 sed
915 2505 951 2577 in
978 2504 1112 2577 sordidi
1133 2508 1295 2579 mercede
1318 2504 1358 2578 id

383 2624 564 2723 negotium
593 2624 805 2723 quaesrviffet.
865 2626 1059 2697 Adssuxere
1092 2622 1187 2697 avidi
1217 2625 1354 2715 talium,

382 2742 601 2840 imperitante
632 2742 776 2817 Tiberio
810 2744 932 2839 procul
964 2744 1201 2840 voluptatibus
1233 2744 1355 2835 habiti,

313 2896 316 2905 ·
381 2862 479 2937 virile
504 2887 545 2935 ac
569 2862 738 2937 muliebre
754 2860 861 2952 secus,
884 2860 998 2934 omnis
1021 2883 1116 2952 aetas,
1138 2867 1187 2937 ob
1213 2864 1356 2962 propin-

382 2983 552 3081 quitatem
585 2982 652 3055 loci
679 2981 835 3054 effufiirs:
862 2983 956 3054 unde
983 2980 1123 3078 gravior
1151 2982 1251 3079 pestis
1277 2980 1355 3073 suit,

382 3100 535 3175 conferti
551 3104 654 3185 mole.
671 3100 753 3173 dein
769 3100 948 3189 convulsi,
976 3101 1063 3173 dum
1081 3100 1149 3173 ruit
1164 3100 1273 3192 intus,
1297 3123 1359 3175 aut

382 3222 419 3295 in
440 3218 607 3293 exteriora
623 3219 835 3295 effunditur:
862 3216 1136 3315 immensamque
1159 3218 1235 3291 vim
1261 3246 1356 3293 mor·

381 3340 519 3427 talium,
547 3337 743 3434 spedaculo
760 3338 923 3426 intentos,
944 3358 1003 3410 aut
1020 3336 1082 3434 qui
1099 3338 1232 3411 circum
1247 3338 1360 3413 adsta-

382 3461 480 3547 bant,
508 3482 659 3554 praeceps
677 3455 795 3545 trahit,
825 3477 931 3552 atque
955 3456 1078 3553 operit.
1139 3459 1186 3529 Et
1206 3457 1256 3531 illi
1279 3458 1358 3554 qui·

382 3578 466 3649 dem
494 3602 582 3672 quos
607 3575 815 3673 principium
841 3574 961 3673 stragis
990 3574 1027 3647 in
1054 3595 1205 3649 mortem
1231 3577 1358 3651 adflix-

383 3716 470 3783 erat,
492 3714 531 3766 ut
548 3692 606 3765 tali
623 3692 723 3782 sorte,
743 3692 935 3767 cruciatum
952 3694 1117 3790 effugdre.
1165 3694 1358 3779 Miserandi

383 3814 509 3911 magis,
552 3838 653 3909 quos,
695 3814 841 3910 abruptis
869 3834 963 3909 parte
989 3812 1159 3908 corporis,
1198 3816 1358 3891 nondum

384 3932 455 4021 vita
482 3930 687 4020 deseruerat3
715 3930 776 4029 qui
804 3957 866 4028 per
890 3932 987 4007 diem
1013 3929 1100 4023 visu,
1126 3958 1190 4031 per
1215 3936 1358 4019 nostem
