3259 5284
470 583 838 652 ·,Auuntrum
871 576 1072 651 Lra.lll.
1221 601 1285 675 143

315 750 427 825 “Nil
448 778 537 850 opus
560 750 802 827 vetustioribus
825 750 1020 848 exemplis:
1048 746 1208 847 quotiens
1225 774 1287 845 po·

314 878 343 915 “
361 873 462 967 pulus
487 876 669 945 Romanus
693 873 810 944 clades
839 870 1070 958 exercituum,
1112 867 1290 943 interitum

217 974 233 1003 '⁹
315 996 343 1033 ‘⁴
361 992 510 1080 ducum,
535 990 692 1063 funditus
719 990 852 1063 amissas
874 986 1006 1061 nobiles
1033 988 1178 1061 familias
1205 1013 1288 1061 con-

316 1115 345 1152 “
362 1110 490 1182 stanter
516 1109 662 1184 tulerit?
693 1108 873 1205 Principes
898 1108 1072 1197 mortales,
1098 1106 1288 1203 rempubli-

316 1235 346 1271 “
363 1254 442 1302 cam
458 1250 623 1303 aeternam
639 1230 717 1303 effe.
766 1228 872 1301 Proin
889 1246 1080 1324 repeterent
1092 1224 1287 1299 sollemnia:

315 1354 345 1393 “
364 1353 397 1421 δε
419 1348 501 1446 quia
518 1349 683 1423 ludorum
699 1348 932 1447 Megalesrbm
953 1344 1188 1443 spedaculum
1210 1345 1289 1419 sub·

317 1473 345 1512 “
363 1453 449 1558 etat}
475 1469 580 1542 etiam
597 1470 794 1565 voluptates
810 1466 1054 1541 resumerent.’'

362 1590 442 1659 Vll.
459 1589 556 1660 Tum
573 1586 834 1685 exutojustitio,
860 1586 1010 1659 reditum
1023 1585 1069 1657 ad
1081 1582 1201 1658 munia
1216 1612 1225 1655 :
1254 1589 1289 1657 δι

314 1703 448 1780 Drusus
464 1706 619 1800 Illyricos
634 1708 680 1780 ad
695 1706 867 1779 exercitus
890 1704 1063 1802 profestos
1084 1704 1145 1794 est,
1171 1704 1290 1777 creetis

314 1825 476 1899 omnium
486 1824 609 1897 animis
626 1826 782 1922 petendae
799 1851 818 1897 e
834 1823 955 1898 Pisone
972 1824 1136 1897 ultionis:
1164 1828 1198 1896 δι
1216 1848 1289 1897 cre-

316 1948 383 2017 bro
396 1944 533 2042 questu,
561 1951 590 1987 “
607 1944 703 2042 quod
720 1971 829 2043 vagus
846 1944 983 2017 interim
999 1969 1061 2041 per
1077 1968 1216 2017 amoena
1237 1948 1289 2017 A·

317 2071 345 2107 “
364 2068 418 2137 srae
432 2083 537 2160 atque
552 2063 713 2153 Achaiae,
738 2064 920 2162 adroganti
947 2070 981 2137 δι
1009 2062 1154 2137 subdolal
1177 2064 1289 2153 moral,

316 2191 346 2227 “
363 2182 529 2258 scelerum
546 2183 768 2279 probationes
784 2182 1032 2257 subverteret.''
1056 2186 1152 2256 Nam
1167 2184 1290 2281 vulga-

314 2322 390 2381 tum
406 2323 479 2376 erat
504 2310 532 2349 “
549 2302 728 2393 miffam,”
752 2324 792 2375 ut
808 2302 899 2393 dixi,
928 2310 956 2345 “
974 2328 995 2375 a
1010 2303 1076 2375 Cn.
1093 2301 1210 2377 Sentio
1237 2302 1289 2377 sa-

316 2428 345 2465 “
361 2420 494 2499 mosam
506 2422 682 2496 veneficiis
697 2422 906 2512 Martinam,
931 2420 1039 2497 subita
1054 2442 1165 2495 morte
1181 2426 1290 2496 Brun-

317 2547 345 2583 “
362 2541 435 2614 difii
452 2541 670 2631 exstinetam,
697 2566 944 2639 venenumque
955 2541 1208 2615 nodocrinium
1219 2540 1291 2639 ejus

318 2666 346 2707 “
363 2661 591 2749 occultatum,
618 2686 683 2733 nec
695 2662 765 2733 ulla
777 2660 969 2757 incorpore
983 2665 1078 2759 signa
1087 2660 1215 2758 sumpti
1228 2687 1289 2735 ex-

317 2786 345 2821 “
361 2778 414 2851 itii
431 2780 603 2874 reperta.''

364 2898 461 2969 Vlll.
475 2902 535 2969 Ar
549 2899 658 2986 Prso,
685 2896 858 2993 ptaemiffo
874 2896 911 2969 in
922 2899 1061 2971 Urbem
1076 2897 1164 2986 filio,
1189 2898 1291 2971 datis-

316 3040 385 3112 que
409 3015 594 3105 mandatis,
630 3042 692 3111 per
716 3042 795 3113 quae
822 3016 1019 3112 Principem
1048 3016 1211 3107 molliret,
1245 3019 1291 3090 ad

315 3132 469 3207 Drusum
498 3134 611 3232 pergit
623 3163 634 3220 ;
669 3160 777 3231 quem
801 3136 897 3207 haud
921 3134 1032 3207 fratris
1056 3134 1194 3209 interitu
1218 3155 1290 3209 tru-

315 3279 408 3345 cem,
436 3255 543 3350 quim
560 3275 696 3327 remoto
722 3256 849 3327 aemulo
874 3254 1064 3351 aequiorem
1091 3252 1151 3327 srbi
1179 3252 1291 3351 speta-

314 3376 387 3447 bat.
435 3372 596 3447 Tiberius
617 3371 689 3469 qub
711 3370 887 3470 integrum
903 3370 1077 3468 judicium
1094 3372 1289 3465 ostentaret,

314 3512 502 3588 exceptum
512 3490 657 3566 comiter
662 3488 847 3587 juvenem,
867 3489 958 3564 suetrl
967 3517 1051 3591 erga
1063 3492 1152 3565 lilios
1164 3490 1290 3567 famili·

313 3636 414 3683 amm
429 3611 564 3685 nobiles
580 3610 780 3685 liberalitate
792 3630 910 3705 auget.
935 3608 1065 3683 Drusus
1077 3608 1205 3702 Pisoni,
1225 3616 1289 3686 “sr

316 3732 342 3767 “
361 3752 440 3800 vera
451 3726 564 3802 forent
578 3729 875 3828 quaejacerentur,
896 3728 1109 3825 praecipuum
1120 3730 1155 3802 in
1168 3732 1290 3805 dolore

316 3851 344 3887 “
361 3843 612 3921 suumlocum''
629 3846 828 3945 respondit:
847 3855 873 3891 “
887 3846 944 3922 sed
956 3849 1061 3921 malle
1072 3848 1197 3923 salsa&
1216 3850 1288 3923 ina-

317 3970 346 4015 “
363 3963 434 4055 nia,
459 3990 524 4042 nec
534 3966 699 4065 cuiquam
716 3987 868 4044 mortem
891 3967 1091 4045 Germanici
1108 3968 1287 4047 exitiosam
