3259 5284
409 564 453 632 62
640 559 681 632 C.
710 559 948 636 Conanttr
975 563 1153 640 TAertt

408 739 436 774 “
455 757 541 828 quos
558 753 667 806 mater
681 733 740 808 sua
756 736 792 809 in
809 736 1014 811 memoriam
1032 739 1183 838 Augusti
1208 736 1373 820 sacraffet.

409 856 437 895 “
455 853 532 924 Nec
550 875 670 926 contra
687 855 870 952 religiones
887 856 975 946 fieri,
1011 857 1107 952 qubd
1140 858 1270 955 effigies
1287 859 1372 956 ejus,

407 973 435 1010 “
453 990 492 1040 ut
507 971 572 1044 alia
588 973 774 1046 numinum
791 977 982 1064 simulacra,
1013 977 1271 1050 venditionibus
1296 981 1375 1050 hor·

408 1095 435 1131 “
454 1109 572 1162 torum
609 1095 642 1162 δι
680 1091 852 1166 domuum
884 1097 1061 1167 accedant.
1126 1094 1372 1192 Jusjurandum

407 1214 435 1251 “
454 1209 595 1302 perinde
612 1211 865 1303 aestimandum,
900 1215 1006 1311 quam
1036 1217 1057 1284 fi
1084 1215 1211 1308 Jovem
1239 1214 1373 1290 fefellis-

408 1334 434 1369 “
453 1326 525 1400 set:
555 1332 702 1402 deorum
719 1329 856 1429 injurias
873 1332 936 1406 diis
954 1333 1081 1405 curae.''

453 1449 623 1521 LXXIV.
659 1452 746 1522 Nnc
776 1477 913 1524 Murro
943 1451 1017 1547 post
1033 1451 1204 1524 Granium
1220 1455 1374 1526 Marcel·

405 1565 494 1654 lum,
522 1589 705 1663 praetorem
736 1569 919 1665 Bithynia,
956 1571 1102 1666 quaestor
1127 1571 1230 1668 ipsrus
1252 1570 1373 1667 Caepio

406 1683 582 1782 Crispinus
608 1683 789 1784 majestatis
822 1689 1020 1783 postulavit,
1052 1687 1279 1762 subscribente
1297 1695 1372 1764 Ro-

405 1830 512 1884 mano
543 1805 726 1901 Hispone:
761 1806 822 1902 qui
851 1804 998 1880 formam
1028 1807 1107 1879 vitae
1146 1807 1233 1898 iniit,
1268 1835 1373 1906 quam

406 1924 524 2021 postea
539 1925 713 1998 celebrem
739 1924 880 1997 miseriae
913 1947 1125 2021 temporum,
1161 1931 1193 2000 &
1219 1927 1374 2000 audaciae

406 2044 590 2116 hominum
605 2042 759 2116 fecerunt
776 2072 784 2116 ε
817 2069 898 2116 narn
915 2069 1035 2141 egem,
1054 2044 1206 2142 ignotus,
1222 2045 1371 2143 inquies,

406 2163 492 2235 dum
524 2161 668 2236 occultis
695 2161 818 2236 libellis
846 2162 981 2236 saevitiae
1028 2163 1192 2260 principis
1223 2165 1371 2260 adrepit,

405 2307 492 2354 mox
509 2282 688 2354 clariffimo
706 2281 832 2378 cuique
850 2281 1042 2377 periculum
1075 2279 1214 2372 facessit,
1248 2303 1370 2380 poten-

406 2397 492 2474 tiam
521 2401 615 2494 apud
643 2425 767 2488 unum,
800 2401 921 2472 odium
950 2401 1043 2496 apud
1067 2424 1186 2471 omnes
1213 2403 1370 2497 adeptus,

406 2517 502 2590 dedit
519 2520 735 2615 exemplum,
763 2521 858 2616 quod
875 2518 991 2608 secuti,
1017 2545 1061 2592 ex
1087 2519 1294 2615 pauperibus
1319 2521 1371 2594 di.

406 2637 506 2727 vites,
537 2662 581 2709 ex
610 2638 818 2733 contemptis
849 2637 1039 2726 metuendi,
1073 2637 1261 2733 perniciem
1296 2639 1371 2716 aliis

407 2783 447 2828 ac
464 2757 677 2852 postremum
699 2755 758 2828 fibi
783 2756 957 2830 invenere.
1006 2757 1073 2828 Sed
1089 2758 1299 2830 Marcellum
1317 2757 1371 2828 in,

407 2877 597 2966 simulabat,
640 2882 667 2916 “
683 2875 825 2947 sinistros
856 2875 900 2948 de
937 2875 1082 2950 Tiberio
1109 2873 1279 2948 sermones
1310 2877 1371 2948 ha-

409 3002 436 3036 “
454 2992 562 3067 buill'e
578 2994 615 3063 :''
640 2993 835 3066 inevitabile
859 2993 1004 3086 crimen,
1032 2995 1115 3066 ciant
1147 3019 1191 3066 ex
1220 2995 1373 3068 moribus

406 3111 577 3207 Principis
605 3109 786 3184 foediffima
814 3139 963 3209 quaeque
988 3112 1155 3208 deligeret
1183 3113 1371 3202 accusator,

408 3229 664 3328 objectaretque
691 3255 775 3304 reo:
805 3257 887 3303 nam
915 3231 994 3328 quia
1021 3255 1102 3302 vera
1134 3251 1240 3324 erant,
1270 3231 1374 3303 etiam

407 3349 499 3420 diua
531 3351 766 3422 credebantur.
829 3349 977 3430 Addidit
1021 3348 1148 3446 Hispo,
1191 3349 1374 3422 “statuam

409 3474 436 3510 “
454 3467 615 3540 Marcelli
630 3467 744 3557 altilis,
779 3469 887 3565 quarn
914 3468 1084 3554 Caesarum
1100 3472 1220 3540 fitam:
1248 3471 1281 3540 bt
1310 3467 1375 3542 alia

410 3585 490 3657 “in
516 3587 634 3675 statua,
668 3606 847 3682 amputato
881 3587 994 3684 capite
1023 3587 1184 3685 Augusti,
1223 3586 1373 3684 effigiem

410 3705 587 3779 “Tiberii
620 3706 813 3778 inditam:''
854 3707 898 3779 ad
929 3708 1026 3804 quod
1057 3711 1176 3778 exarsrt
1204 3707 1304 3796 adeo,
1336 3725 1376 3780 ut

408 3829 508 3922 ruptd
531 3825 759 3899 taciturnitate
792 3829 1035 3922 proclamaret,
1070 3824 1142 3899 “se
1175 3851 1315 3922 quoque
1340 3825 1377 3897 in

410 3952 438 4002 l‘
456 3946 496 4032 ea
511 3950 610 4020 causa
625 3947 777 4020 laturum
792 3945 994 4022 sententiam
1006 3947 1122 4045 palam
1137 3944 1376 4051 &juratum‚''
