3259 5284
367 578 434 655 170
581 556 1169 633 C.Connst11Tacrr1

361 732 418 805 cul
435 732 639 829 praesrdium.
691 732 992 833 Augustodunum
1010 752 1114 831 caput
1131 731 1257 831 gentle,
1287 758 1341 807 ar·

362 850 462 927 matis
480 834 693 943 cohortibus,
723 853 884 927 Sacrovir
906 874 1153 949 occupaverat,
1184 857 1217 925 δι
1242 852 1342 927 nobi·

363 969 523 1045 lissunam
538 971 734 1045 Galliarum
750 971 920 1064 subolem,
951 972 1147 1047 liberalibus
1161 971 1281 1049 studiis
1293 971 1343 1045 ibi

362 1110 554 1186 operatam,
580 1112 620 1163 ut
645 1117 689 1165 eo
717 1091 864 1190 pignore
887 1113 1044 1189 parentes
1062 1090 1344 1189 propinquosque

257 1246 263 1258 ·
362 1234 484 1282 comm
509 1208 712 1307 adjungeret
728 1238 736 1283 ε
751 1190 757 1199 ’
774 1212 872 1283 simul
897 1236 991 1283 arma
1017 1208 1152 1283 occulte
1179 1209 1344 1284 fabricata

355 1324 533 1423 juventuti
542 1328 706 1427 dispertit.
739 1328 980 1427 Qadraginta
993 1329 1102 1403 millia
1113 1330 1222 1419 sudre,
1242 1330 1343 1428 quin·

363 1452 398 1521 tal
412 1448 462 1521 sui
485 1469 581 1547 parte
603 1449 798 1548 legionariis
820 1448 937 1538 armis,
971 1449 1074 1522 ceteri
1091 1474 1172 1521 conr
1189 1451 1344 1521 venabu-

363 1569 406 1641 lis
424 1574 458 1641 dt
476 1569 605 1658 cultris,
624 1594 773 1666 quaeque
785 1568 852 1641 alin
865 1569 1071 1641 venantibus
1084 1570 1152 1643 tela
1164 1567 1262 1641 sunt:
1282 1570 1343 1641 ad-

364 1687 678 1763 duntureservitiis
689 1688 891 1785 gladiatura
903 1686 1075 1777 destinati,
1089 1688 1229 1785 quibus,
1248 1714 1345 1763 more

366 1808 520 1905 gentico,
564 1808 770 1881 continuum
801 1806 884 1879 ferri
922 1806 1076 1905 tegimen
1117 1808 1346 1905 (Crupellarior

365 1929 513 2022 vocant)
548 1924 734 2001 inserendis
762 1926 887 1999 idibus
917 1926 1099 2017 inhabiles,
1135 1926 1346 2024 accipiendis

366 2046 655 2144 impenetrabiles.
706 2049 938 2144 Augebantur
971 2046 1024 2119 hae
1057 2045 1180 2144 copiae,
1214 2048 1349 2121 vicina.

365 2192 443 2240 rum
460 2166 642 2239 civitatum
664 2189 703 2239 ut
725 2166 884 2238 nondum
909 2168 1025 2261 apertrl
1053 2162 1284 2257 consensione,
1302 2168 1348 2241 ita

365 2284 497 2358 viritim
533 2285 704 2381 promptis
738 2283 875 2373 studiis,
918 2290 951 2357 dt
988 2285 1176 2357 certamine
1213 2285 1348 2359 ducum

367 2408 631 2493 Romanorum,
667 2430 755 2501 quos
781 2404 869 2476 inter
895 2404 1163 2501 ambigebatur3
1198 2424 1348 2503 utroque

367 2525 501 2597 bellum
512 2523 573 2597 fibi
590 2521 763 2621 poscente.
812 2524 909 2596 Mox
922 2523 1032 2594 Varro
1049 2522 1220 2596 invalidus
1233 2521 1348 2599 senec-

367 2646 415 2734 tal,
440 2642 574 2742 vigenti
591 2643 674 2716 Silio
691 2644 864 2717 concessit.

416 2764 550 2837 XLIV.
577 2768 637 2837 Ar
667 2765 802 2836 Ronn
831 2768 860 2804 “
877 2788 950 2834 non
976 2762 1149 2835 Treveros
1176 2761 1285 2835 modo
1315 2765 1349 2835 sc

369 2890 398 2927 “
415 2884 569 2972 AEduos,
586 2881 645 2955 sed
658 2902 804 2977 quatuor
818 2886 851 2954 br
865 2879 1043 2977 sexaginta
1056 2879 1248 2955 Galliarum
1266 2883 1351 2955 civi-

371 3010 502 3076 “tates
527 3000 717 3090 descivisse,
749 3000 950 3095 adsumptos
978 2998 1015 3070 in
1042 2998 1236 3073 societatem
1264 3007 1351 3076 Ger-

371 3131 400 3165 “
419 3146 556 3211 manos,
589 3119 712 3193 dubias
748 3116 935 3215 Hispanias
950 3121 986 3191 :''
1030 3120 1156 3191 cunda
1188 3124 1245 3216 (ut
1275 3148 1356 3195 mos

368 3244 489 3336 samae)
505 3242 540 3313 in
551 3238 659 3335 majus
672 3238 814 3311 credita.
852 3238 1017 3334 Optimus
1030 3237 1172 3335 quisque
1186 3240 1352 3337 reipubli„

370 3388 420 3439 cae
437 3361 520 3433 curli
536 3361 728 3430 maerebat:
757 3357 859 3429 multi
876 3358 959 3429 odio
977 3355 1209 3451 prasentium,
1237 3362 1270 3430 dt
1288 3386 1350 3432 cu-

370 3477 489 3578 pidine
501 3475 716 3565 mutationis,
727 3475 793 3549 suis
804 3500 948 3573 quoque
959 3476 1119 3571 periculis
1137 3478 1353 3573 latabantur,

370 3600 666 3695 increpabantque
693 3593 893 3684 Tiberium,
930 3594 1024 3691 quod
1054 3593 1090 3666 in
1118 3615 1214 3669 tanto
1238 3624 1355 3673 rerum

371 3739 485 3807 motu,
534 3716 659 3789 libellis
700 3713 937 3788 accusatorum
970 3713 1155 3788 insumeret
1198 3742 1355 3812 operam.

372 3845 400 3881 “
419 3842 479 3911 An
496 3834 633 3931 Julium
651 3834 871 3909 Sacrovimm
894 3833 1078 3932 majestatis
1096 3834 1240 3909 crimine
1256 3861 1356 3939 reum

374 3962 402 4002 “
421 3957 458 4045 in
473 3957 588 4031 senatu
604 3953 679 4030 sore
695 3959 708 4029 ?
736 3955 897 4035 exstitisse
910 3956 1053 4063 tandem
1064 3956 1169 4049 viros,
1199 3954 1260 4053 qui
1276 3980 1359 4043 erus
