3259 5284
356 554 426 645 246
587 550 1102 623 C.Consst11Tnc1r1

351 728 418 801 tn't
439 746 576 799 careret.
626 730 719 801 Mox
745 727 855 823 patuit
886 730 994 801 breve
1015 723 1206 799 confinium
1233 723 1327 815 artis,

356 851 390 919 bc
408 846 498 931 falsu
524 870 676 942 veraque
698 846 805 942 quim
824 844 974 919 obscuris
996 864 1220 943 tegerentur:
1246 868 1330 917 nam

353 964 390 1039 in
407 968 546 1039 Urbem
573 990 644 1037 non
671 966 914 1061 regressurum,
941 965 1037 1037 haud
1057 962 1145 1037 sorte
1165 961 1327 1035 dissum:

352 1105 547 1159 ceterorum
573 1082 675 1158 nescii
693 1086 809 1183 eglere,
833 1086 915 1157 edm
933 1084 1133 1181 propinquo
1150 1108 1242 1172 rure,
1270 1101 1332 1155 aut

352 1202 466 1294 litore,
509 1210 541 1275 δε
576 1202 664 1300 saepe
699 1203 829 1275 moenia
860 1202 970 1275 Urbis
1007 1203 1177 1292 adsidens,
1216 1220 1329 1273 extre·

354 1348 452 1395 rnatn
479 1322 648 1395 senectam
681 1320 920 1417 compleverit.

408 1444 508 1515 le.
536 1446 594 1515 Ac
628 1466 751 1515 ronts
782 1440 849 1513 illis
874 1439 997 1513 diebus
1023 1442 1183 1514 oblatum
1207 1439 1331 1514 Caesari

354 1586 479 1659 anceps
512 1561 718 1658 periculum,
751 1558 849 1632 auxit
877 1584 966 1632 vana
991 1560 1160 1633 rumoris:
1194 1563 1329 1658 praebu·

353 1680 452 1779 itque
477 1680 537 1777 ipsi
567 1679 759 1769 materiem,
786 1704 850 1752 eur
874 1676 1034 1751 amicitiae
1062 1680 1330 1777 constantiaeque

354 1797 465 1896 Sejani
492 1798 602 1896 magis
631 1799 760 1870 fideret.
809 1797 1044 1873 Vescebantur
1078 1797 1114 1871 in
1143 1799 1239 1887 villa,
1273 1798 1330 1872 cui

353 1918 567 1991 vocabulum
579 1918 752 2013 Spelunca,
767 1942 862 1989 mare
880 1918 1117 1992 Amuclanum
1136 1917 1223 1991 inter
1234 1920 1265 1990 F
1264 1944 1329 1990 un·

353 2033 529 2133 danosque
548 2056 696 2125 montes,
723 2036 842 2109 nativo
860 2035 894 2107 in
917 2034 1042 2132 specu:
1070 2034 1142 2132 ejus
1159 2060 1213 2125 os,
1232 2038 1331 2133 lapfis

354 2156 495 2252 repente
529 2154 628 2246 saxis,
662 2154 779 2227 obruit
812 2154 981 2251 quosdam
1014 2154 1203 2229 ministros:
1247 2157 1329 2229 hinc

354 2296 467 2349 metus
495 2274 531 2345 in
553 2298 688 2364 omnes,
720 2272 860 2370 &suga
876 2298 1012 2364 eorum,
1043 2275 1103 2373 qui
1127 2276 1330 2351 convivium

353 2395 583 2469 celebrabant.
632 2390 771 2490 Sejanus
799 2418 905 2490 genu,
935 2394 1118 2491 vultuque,
1155 2400 1190 2468 δι
1219 2396 1329 2468 mani-

353 2516 420 2587 bus
441 2511 540 2608 super
554 2510 724 2585 Caesarem
752 2510 941 2607 suspensus,
967 2512 1129 2609 opposuit
1154 2513 1221 2589 sese
1244 2515 1330 2588 inci·

353 2631 540 2705 dentibus:
568 2651 673 2727 atque
695 2630 814 2703 habitu
837 2631 897 2703 tali
921 2651 1074 2729 repertus
1098 2632 1147 2705 est
1172 2633 1329 2707 amiliti-

353 2755 433 2841 bus,
468 2751 528 2849 qui
561 2748 707 2823 subfidio
740 2770 916 2823 venerant.
981 2749 1100 2849 Major
1126 2779 1171 2827 ex
1199 2780 1242 2827 eo
1255 2784 1267 2842 ;
1295 2760 1330 2831 δι

354 2896 570 2969 quamquam
592 2868 734 2941 exitiosa
757 2869 925 2959 suaderet,
950 2890 1087 2951 utnon
1114 2870 1167 2945 sul
1190 2873 1329 2965 anxius,

353 3016 438 3067 cum
470 2990 540 3062 lide
582 2988 793 3061 audiebatur.
859 2990 1172 3089 Adsimulabatque
1198 2990 1330 3089 judicis

353 3129 467 3209 partes
495 3110 657 3181 adversds
691 3106 890 3181 Germanici
915 3108 1069 3205 stirpem,
1098 3110 1240 3205 subditis
1268 3112 1331 3213 qui

351 3228 588 3304 accusatorum
619 3224 760 3299 nomina
785 3225 995 3318 sustinerent,
1025 3230 1249 3327 maximeque
1276 3232 1329 3303 in·

353 3347 559 3422 sectarentur
590 3347 783 3434 Neronem,
815 3346 1020 3441 proximum
1049 3348 1257 3438 successioni,
1295 3354 1330 3423 δι

354 3490 569 3566 quamquam
600 3464 756 3537 modests
781 3461 942 3561 juvents,
974 3468 1181 3564 plerumque
1211 3488 1330 3541 tamen

355 3586 441 3684 quid
457 3586 492 3657 in
516 3582 769 3681 presentiarum
785 3584 993 3656 conduceret
1013 3585 1180 3673 oblitum;
1205 3586 1331 3661 duma

353 3704 530 3778 libertis&
549 3701 746 3793 clientibus,
771 3702 962 3799 apiscendae
981 3704 1143 3800 potentiae
1160 3707 1328 3803 properis,

352 3822 604 3911 exstimulatur,
641 3827 669 3864 ‘⁶
699 3842 737 3893 ut
770 3824 923 3895 erectum
956 3826 990 3895 ἃ*
1022 3825 1190 3899 sidentem
1219 3824 1328 3898 animi

355 3950 382 3995 “
399 3942 612 4023 ostenderet:
640 3942 731 4015 velle
757 3940 794 4013 id
819 3942 993 4044 populum
1012 3944 1241 4023 Romanurn:
1267 3970 1331 4025 cu.
