3259 5284
385 530 456 607 226
616 530 659 605 C.
691 532 964 606 Coartrnrr
996 532 1197 605 Tncrrr

389 708 419 746 “
435 726 507 799 quo
520 704 693 775 Catonem
706 706 792 779 caelo
813 704 979 803 aequavit,
1002 704 1089 802 quid
1106 704 1201 777 aliud
1214 702 1363 775 dictator

388 827 418 865 “
434 818 558 911 Caesar,
577 820 685 919 quam
700 820 859 921 rescripti
875 824 1044 914 oratione,
1069 824 1166 895 velut
1182 822 1278 919 apud
1300 820 1359 918 ju

389 946 418 983 “
435 938 531 1013 dices
547 938 746 1037 respondit?
770 942 918 1015 Antonii
933 942 1098 1039 epistola,
1111 940 1205 1015 Bruti
1218 938 1360 1013 concio·

390 1066 419 1103 “
435 1084 511 1149 nes,
528 1056 609 1133 salsa
621 1060 764 1155 quidem
776 1059 812 1133 in
831 1060 1030 1158 Augustum
1044 1064 1185 1157 probra,
1198 1058 1255 1131 sod
1267 1058 1359 1132 mul·

390 1185 419 1222 ‘⁶
437 1182 570 1251 taicum
587 1178 769 1251 acerbitate
785 1180 940 1253 habent:
978 1179 1131 1255 carmina
1146 1178 1303 1252 Bibaculi
1324 1180 1360 1251 dt

391 1304 420 1341 “
438 1298 580 1385 Catulli,
605 1295 727 1371 referta
742 1296 961 1370 contumeliis
986 1296 1159 1371 Caesamm
1185 1300 1359 1395 leguntur.

391 1422 419 1461 ‘⁶
436 1419 504 1489 Sed
520 1414 588 1513 ipse
603 1417 706 1489 divus
721 1415 849 1510 Julius,
881 1416 952 1512 ipse
979 1414 1082 1491 divus
1099 1415 1292 1515 Augustus,
1325 1419 1361 1487 ἃ

392 1543 421 1579 “
437 1536 546 1609 tuere
570 1534 646 1624 ista,
671 1540 706 1607 δι
731 1534 923 1631 ῐςΙίᾳιιόῑε;
952 1536 1047 1609 haud
1073 1534 1170 1609 facile
1195 1534 1361 1623 dixerim,

392 1660 421 1697 “
437 1655 674 1727 moderatione
691 1652 816 1751 magis,
833 1678 877 1725 an
893 1651 1082 1749 sapientiai:
1100 1678 1252 1751 nanque
1267 1651 1360 1749 spre-

392 1780 422 1820 “
436 1792 473 1845 ta
488 1770 686 1848 exolescunt
702 1798 711 1843 ε
742 1774 765 1843 sr
781 1768 937 1861 irascare,
961 1772 1104 1869 adgnita
1119 1772 1317 1845 videntur.’'

422 1893 598 1987 ¹XXXV.
624 1898 652 1933 “
670 1892 756 1962 Non
770 1892 904 1987 attingo
919 1892 1076 1980 Grecos,
1107 1914 1259 1987 quorum
1287 1915 1361 1965 non

394 2016 422 2053 “
439 2009 548 2081 modo
580 2007 732 2097 libertas,
762 2008 867 2080 etiam
899 2008 1009 2081 libido
1039 2008 1233 2105 impunita:
1257 2012 1361 2082 autsr

395 2135 423 2172 ‘⁶
442 2128 519 2225 quis
546 2125 708 2215 advertit,
737 2125 837 2199 djttis
853 2125 946 2199 dista
960 2129 1052 2199 ultus
1067 2126 1127 2200 est.
1176 2128 1245 2200 Sed
1261 2148 1361 2201 max*

282 2254 288 2263 ’
395 2253 423 2289 “
441 2246 512 2318 ime
536 2243 702 2333 solutum,
721 2246 757 2316 δι
776 2247 844 2322 line
860 2247 1089 2318 obtrectatore
1117 2243 1197 2337 fuit,
1218 2248 1362 2343 prodere

395 2370 423 2408 “
441 2365 487 2436 de
498 2361 539 2435 iis
554 2386 642 2460 quos
654 2386 748 2434 mors
759 2362 843 2435 odio
850 2382 913 2436 aut
924 2364 1043 2461 gratiae
1057 2365 1245 2439 exemisset.
1263 2368 1362 2439 Num

396 2490 425 2526 “
442 2508 526 2555 cum
553 2480 693 2553 armatis
715 2482 828 2553 Caffio
851 2486 886 2556 δι
914 2485 1032 2573 Brut0,
1067 2508 1107 2555 ac
1127 2482 1362 2580 Philippenses

396 2608 426 2647 “
444 2625 590 2697 campos
606 2599 857 2690 obtinentibus,
892 2600 973 2673 belli
1004 2599 1115 2675 civilis
1130 2604 1231 2675 causd
1248 2626 1361 2699 popu-

396 2728 425 2767 “
444 2723 518 2794 lum
545 2744 608 2815 per
634 2718 820 2793 conciones
844 2718 1025 2793 incendo?
1059 2724 1120 2793 An
1142 2718 1192 2793 illi
1218 2719 1363 2818 quidem

396 2846 426 2883 ‘⁴
442 2836 693 2935 sexagesimum
708 2857 788 2910 ante
804 2862 935 2911 armum
952 2838 1136 2935 perempti,
1166 2864 1238 2937 quo
1253 2840 1363 2913 modo

394 2965 423 3001 “
442 2955 653 3055 imaginibus
668 2954 734 3029 suis
748 2953 949 3047 noscuntur,
973 2974 1062 3053 quas
1088 2980 1133 3031 ne
1156 2956 1268 3031 vietor
1284 2958 1361 3054 qui·

396 3083 426 3120 “
442 3077 526 3149 dem
542 3074 708 3165 abolevit,
727 3078 770 3147 src
789 3092 923 3171 partem
938 3073 1117 3149 memoriae
1137 3076 1232 3171 apud
1260 3073 1363 3173 scrip·

396 3203 427 3239 “
444 3214 533 3267 tores
556 3193 732 3265 retinent?
763 3192 872 3265 Suum
899 3192 1026 3291 cuique
1051 3194 1158 3267 decus
1190 3192 1364 3291 posteritas

398 3321 425 3357 “
444 3310 625 3409 rependit:
652 3336 717 3383 nec
731 3312 892 3399 deerunt,
915 3310 1130 3384 srdamnatio
1146 3311 1289 3409 ingruit,
1306 3312 1366 3411 qui

396 3440 425 3477 “
443 3456 515 3502 non
530 3427 639 3501 modi)
654 3426 755 3500 Casfii
778 3433 812 3500 δι
833 3427 940 3517 Bruti,
962 3428 1020 3502 sed
1032 3428 1135 3504 etium
1153 3432 1224 3507 mei
1240 3430 1364 3505 memi-

397 3558 428 3598 “
445 3547 594 3621 nerint.''
644 3548 804 3644 Egressus
820 3548 901 3619 dein
918 3546 1048 3639 senatu,
1066 3548 1175 3622 vitam
1193 3550 1365 3625 abstinen-

396 3670 446 3745 tis
469 3665 580 3739 finivit
596 3691 607 3737 t
634 3664 742 3737 libros
773 3690 835 3761 per
851 3665 967 3739 aediles
984 3668 1187 3740 cremandos
1206 3668 1367 3745 censudre

396 3806 524 3889 patres,
547 3784 605 3856 sed
627 3781 825 3857 manserunt
850 3785 1027 3876 occultati,
1054 3790 1088 3859 δι
1127 3786 1222 3861 editi.
1282 3788 1366 3885 Qtd

394 3905 506 4010 magis
522 3902 712 3981 socordiam
739 3929 864 3983 eorum
884 3902 1035 3981 inridere
1057 3904 1156 3997 libet,
1187 3906 1249 4002 qui
1275 3932 1364 4005 prae÷
