3259 5284
395 576 464 651 134
632 555 965 629 morsm
995 556 1193 630 Tncrrt

391 748 484 800 erat:
522 732 556 801 ὃς
591 728 704 802 Caesar
737 730 897 828 quamvis
954 728 1198 827 posthabitam,
1250 727 1389 801 decies·

393 846 531 919 sestertii
555 849 639 920 dote
661 848 783 921 solatus
805 850 865 922 est.

454 970 680 1040 LXXXVII.
735 970 947 1042 Sffivtrrnnr
996 993 1143 1041 annonae
1189 964 1365 1039 incusante

393 1084 510 1180 plebe,
548 1086 663 1158 statuit
695 1084 870 1159 frumento
909 1087 1060 1183 pretium
1096 1086 1192 1182 quod
1228 1105 1365 1182 emptor

393 1206 571 1299 penderet,
599 1212 625 1246 “
644 1204 810 1303 binosque
829 1232 990 1279 nummos
1021 1203 1054 1279 se
1083 1203 1286 1277 additurum
1303 1229 1364 1277 ne·

393 1329 422 1364 “
442 1322 670 1419 gotiatoribus
698 1324 733 1396 in
762 1327 912 1422 singulos
941 1325 1114 1397 modios.'’
1163 1324 1291 1419 Neque
1312 1344 1363 1396 ta·

391 1466 475 1513 men
501 1445 549 1515 ob
576 1468 616 1515 ea
632 1447 776 1538 parentis
812 1446 943 1541 patriae,
984 1444 1139 1517 delatum
1175 1446 1209 1514 &
1248 1464 1362 1533 antea,

392 1563 606 1634 vocabulum
634 1562 833 1659 adsumpfit,
865 1566 1059 1659 acerbeque
1087 1562 1258 1657 increpuit
1291 1588 1363 1653 eos,

394 1680 455 1776 qui
488 1684 615 1752 dtbt'nas
644 1688 864 1779 occupationes,
893 1680 1075 1779 ipsumque
1106 1683 1257 1753 dominum
1284 1681 1364 1755 dix-

392 1820 512 1873 erant:
540 1803 635 1874 unde
652 1802 798 1898 angusta
830 1806 864 1874 ὅτ
890 1801 1023 1875 lubrica
1051 1800 1159 1873 oratio
1185 1799 1247 1873 sub
1264 1800 1364 1873 Prin-

393 1919 484 2015 cipe,
536 1920 598 2018 qui
651 1919 848 1993 libertatem
891 1922 1081 2011 metuebat,
1132 1919 1365 1993 adulationem

392 2040 524 2112 oderat.

441 2160 686 2232 LXXXVIII.
718 2163 905 2233 Rarsnro
935 2162 1028 2257 apud
1061 2158 1243 2257 scriptores
1272 2157 1365 2231 sena·

392 2273 548 2373 toresque
597 2279 801 2351 eorumdem
845 2300 1059 2375 tempomm,
1107 2276 1365 2375 Adgandestrii,

394 2394 560 2491 principis
576 2397 773 2485 Cattorum,
803 2392 905 2469 ledlas
935 2396 970 2468 in
991 2397 1107 2471 senatu
1134 2398 1260 2485 literas,
1286 2394 1365 2493 qui-

394 2515 460 2586 bus
488 2521 686 2587 “mortem
711 2514 888 2587 Arminii’'
932 2516 1167 2612 promittebat,
1203 2519 1270 2587 “fi
1304 2539 1365 2610 pa·

395 2639 424 2675 ‘⁶
440 2634 571 2705 trandae
588 2633 664 2706 neci
681 2657 855 2707 venenum
880 2636 1074 2710 mitteretur
1091 2639 1127 2709 :”
1152 2632 1365 2731 responsum-

394 2778 465 2850 que
496 2754 577 2842 effe‚
617 2760 644 2794 “
662 2779 732 2825 non
776 2753 912 2844 fraude,
952 2781 1066 2853 neque
1103 2752 1263 2841 occultis,
1309 2750 1367 2824 sed

394 2858 557 2968 “palam
575 2875 608 2943 δι
625 2891 798 2944 amtatum
822 2874 992 2969 populum
1022 2879 1225 2947 Romanum
1255 2870 1367 2943 hostes

395 2997 423 3033 “
442 2991 519 3063 suos
542 2990 659 3063 ulcisci
674 2994 710 3063 :'’
751 2995 820 3088 qul
838 2991 949 3088 glorias
965 2995 1125 3089 aequabat
1148 2990 1180 3063 se
1203 2988 1366 3063 Tiberius

394 3109 511 3206 priscis
541 3109 820 3205 imperatoribus,
844 3110 904 3205 qui
932 3135 1107 3182 venenum
1136 3109 1171 3180 in
1197 3108 1367 3203 Pyrrhum

393 3251 515 3323 regem
531 3247 724 3316 vetuerant,
752 3228 1056 3323 prodiderantque.
1106 3226 1271 3299 Ceterbm
1300 3230 1366 3297 Ar·

394 3343 536 3432 minius,
563 3343 826 3416 abscedentibus
845 3345 1030 3431 Romanis,
1060 3348 1092 3416 &
1120 3343 1217 3441 pulso
1243 3346 1366 3416 Maro-

395 3465 529 3552 boduo,
574 3487 723 3559 regnum
752 3460 942 3550 adfectans,
968 3462 1160 3535 libertatem
1194 3460 1367 3559 populari·

393 3608 457 3653 um
497 3578 674 3654 adversam
706 3578 853 3652 habuit:
894 3581 1085 3679 petitusque
1128 3582 1243 3673 armis,
1285 3582 1369 3654 cbm

397 3700 488 3773 varia
513 3699 648 3773 fortunas
671 3719 827 3788 certaret,
857 3700 941 3771 dolo
971 3700 1248 3797 propinquorum
1280 3701 1368 3774 ceci-

395 3820 473 3891 dit:
518 3819 678 3891 liberator
716 3820 810 3891 haud
843 3818 951 3891 dubie
979 3818 1191 3911 Germania,
1230 3824 1263 3893 &
1307 3819 1368 3917 qui

395 3965 467 4021 non
493 3937 680 4037 primordia
709 3938 832 4036 populi
861 3938 1031 4031 Romani,
1066 3942 1148 4013 ficut
1181 3939 1238 4012 alii
1271 3964 1368 4037 reges
