<?xml version="1.0" encoding="UTF-8"?>
<!DOCTYPE html PUBLIC "-//W3C//DTD XHTML 1.0 Transitional//EN"
    "http://www.w3.org/TR/xhtml1/DTD/xhtml1-transitional.dtd">
<html xmlns="http://www.w3.org/1999/xhtml" xml:lang="en" lang="en">
 <head>
  <title>
</title>
<meta http-equiv="Content-Type" content="text/html;charset=utf-8" />
  <meta name='ocr-system' content='tesseract 3.04.00' />
  <meta name='ocr-capabilities' content='ocr_page ocr_carea ocr_par ocr_line ocrx_word'/>
</head>
<body>
  <div class='ocr_page' id='page_1' title='image "./ccorneliitaciti04freigoog_0267.png"; bbox 0 0 3259 5284; ppageno 0'>
   <div class='ocr_carea' id='block_1_1' title="bbox 478 608 1261 707">
    <p class='ocr_par' dir='ltr' id='par_1_1' title="bbox 478 608 1261 707">
     <span class='ocr_line' id='line_1_1' title="bbox 478 608 1261 707; baseline -0.003 -22"><span class='ocrx_word' id='word_1_1' title='bbox 478 618 788 685; x_wconf 69' lang='lat' dir='ltr'>Anaunion</span> <span class='ocrx_word' id='word_1_2' title='bbox 821 608 1018 683; x_wconf 78' lang='lat' dir='ltr'>Lii.1V.</span> <span class='ocrx_word' id='word_1_3' title='bbox 1191 630 1261 707; x_wconf 86' lang='lat'>209</span> 
     </span>
    </p>
   </div>
   <div class='ocr_carea' id='block_1_2' title="bbox 254 776 1331 4108">
    <p class='ocr_par' dir='ltr' id='par_1_2' title="bbox 286 776 1331 1949">
     <span class='ocr_line' id='line_1_2' title="bbox 287 776 1264 879; baseline -0.009 -19"><span class='ocrx_word' id='word_1_4' title='bbox 287 792 316 839; x_wconf 71' lang='lat'>‘5</span> <span class='ocrx_word' id='word_1_5' title='bbox 333 789 433 877; x_wconf 88' lang='lat' dir='ltr'>bam,</span> <span class='ocrx_word' id='word_1_6' title='bbox 450 784 663 860; x_wconf 83' lang='lat' dir='ltr'>fecunditate</span> <span class='ocrx_word' id='word_1_7' title='bbox 679 782 877 873; x_wconf 84' lang='lat' dir='ltr'>subnixam,</span> <span class='ocrx_word' id='word_1_8' title='bbox 897 778 1123 879; x_wconf 89' lang='lat' dir='ltr'>popularibus</span> <span class='ocrx_word' id='word_1_9' title='bbox 1143 776 1264 851; x_wconf 87' lang='lat' dir='ltr'>studiis</span> 
     </span>
     <span class='ocr_line' id='line_1_3' title="bbox 287 897 1261 998; baseline -0.008 -22"><span class='ocrx_word' id='word_1_10' title='bbox 287 910 315 947; x_wconf 90' lang='lat'><strong>“</strong></span> <span class='ocrx_word' id='word_1_11' title='bbox 332 904 464 977; x_wconf 84' lang='lat' dir='ltr'>inhiare</span> <span class='ocrx_word' id='word_1_12' title='bbox 480 900 755 992; x_wconf 88' lang='lat' dir='ltr'>dominationi,&#39;&#39;</span> <span class='ocrx_word' id='word_1_13' title='bbox 771 901 868 998; x_wconf 90' lang='lat' dir='ltr'>apud</span> <span class='ocrx_word' id='word_1_14' title='bbox 883 897 1053 973; x_wconf 84' lang='lat' dir='ltr'>Caesarem</span> <span class='ocrx_word' id='word_1_15' title='bbox 1067 915 1261 997; x_wconf 82' lang='lat' dir='ltr'>arguerent.</span> 
     </span>
     <span class='ocr_line' id='line_1_4' title="bbox 288 1018 1266 1119; baseline -0.007 -23"><span class='ocrx_word' id='word_1_16' title='bbox 288 1027 409 1119; x_wconf 88' lang='lat' dir='ltr'>Atque</span> <span class='ocrx_word' id='word_1_17' title='bbox 429 1025 504 1096; x_wconf 83' lang='lat' dir='ltr'>haec</span> <span class='ocrx_word' id='word_1_18' title='bbox 521 1022 652 1095; x_wconf 87' lang='lat' dir='ltr'>callidis</span> <span class='ocrx_word' id='word_1_19' title='bbox 669 1018 945 1094; x_wconf 89' lang='lat' dir='ltr'>criminatoribus</span> <span class='ocrx_word' id='word_1_20' title='bbox 961 1046 970 1091; x_wconf 77' lang='lat' dir='ltr'>s</span> <span class='ocrx_word' id='word_1_21' title='bbox 993 1018 1082 1091; x_wconf 92' lang='lat' dir='ltr'>inter</span> <span class='ocrx_word' id='word_1_22' title='bbox 1100 1043 1188 1115; x_wconf 90' lang='lat' dir='ltr'>quos</span> <span class='ocrx_word' id='word_1_23' title='bbox 1204 1019 1266 1089; x_wconf 91' lang='lat' dir='ltr'>de·</span> 
     </span>
     <span class='ocr_line' id='line_1_5' title="bbox 287 1134 1264 1238; baseline -0.008 -25"><span class='ocrx_word' id='word_1_24' title='bbox 287 1142 417 1238; x_wconf 84' lang='lat' dir='ltr'>legerat</span> <span class='ocrx_word' id='word_1_25' title='bbox 444 1141 581 1235; x_wconf 89' lang='lat' dir='ltr'>Julium</span> <span class='ocrx_word' id='word_1_26' title='bbox 599 1140 821 1229; x_wconf 87' lang='lat' dir='ltr'>Postumum,</span> <span class='ocrx_word' id='word_1_27' title='bbox 845 1164 907 1235; x_wconf 91' lang='lat' dir='ltr'>per</span> <span class='ocrx_word' id='word_1_28' title='bbox 924 1137 1132 1211; x_wconf 87' lang='lat' dir='ltr'>adulterium</span> <span class='ocrx_word' id='word_1_29' title='bbox 1149 1134 1264 1209; x_wconf 89' lang='lat' dir='ltr'>Muti·</span> 
     </span>
     <span class='ocr_line' id='line_1_6' title="bbox 286 1254 1266 1351; baseline -0.008 -18"><span class='ocrx_word' id='word_1_30' title='bbox 286 1260 341 1333; x_wconf 87' lang='lat' dir='ltr'>liae</span> <span class='ocrx_word' id='word_1_31' title='bbox 358 1260 481 1334; x_wconf 88' lang='lat' dir='ltr'>Priscae</span> <span class='ocrx_word' id='word_1_32' title='bbox 499 1261 588 1334; x_wconf 92' lang='lat' dir='ltr'>inter</span> <span class='ocrx_word' id='word_1_33' title='bbox 604 1258 745 1331; x_wconf 88' lang='lat' dir='ltr'>intimos</span> <span class='ocrx_word' id='word_1_34' title='bbox 762 1258 865 1347; x_wconf 85' lang='lat' dir='ltr'>aviae,</span> <span class='ocrx_word' id='word_1_35' title='bbox 885 1255 1078 1331; x_wconf 89' lang='lat' dir='ltr'>&amp;consiliis</span> <span class='ocrx_word' id='word_1_36' title='bbox 1099 1254 1166 1328; x_wconf 91' lang='lat' dir='ltr'>suis</span> <span class='ocrx_word' id='word_1_37' title='bbox 1188 1279 1266 1351; x_wconf 90' lang='lat' dir='ltr'>per-</span> 
     </span>
     <span class='ocr_line' id='line_1_7' title="bbox 287 1372 1306 1480; baseline -0.008 -29"><span class='ocrx_word' id='word_1_38' title='bbox 287 1380 474 1454; x_wconf 87' lang='lat' dir='ltr'>idoneum:</span> <span class='ocrx_word' id='word_1_39' title='bbox 502 1379 584 1477; x_wconf 90' lang='lat' dir='ltr'>quia</span> <span class='ocrx_word' id='word_1_40' title='bbox 599 1376 724 1468; x_wconf 86' lang='lat' dir='ltr'>Prisca,</span> <span class='ocrx_word' id='word_1_41' title='bbox 743 1377 780 1449; x_wconf 92' lang='lat' dir='ltr'>in</span> <span class='ocrx_word' id='word_1_42' title='bbox 797 1376 914 1449; x_wconf 91' lang='lat' dir='ltr'>animo</span> <span class='ocrx_word' id='word_1_43' title='bbox 927 1374 1097 1480; x_wconf 73' lang='lat' dir='ltr'>Augusta</span> <span class='ocrx_word' id='word_1_44' title='bbox 1133 1372 1264 1462; x_wconf 86' lang='lat' dir='ltr'>valida,</span> <span class='ocrx_word' id='word_1_45' title='bbox 1301 1424 1306 1443; x_wconf 56' lang='lat'><em>2</em></span> 
     </span>
     <span class='ocr_line' id='line_1_8' title="bbox 289 1490 1267 1596; baseline -0.008 -24"><span class='ocrx_word' id='word_1_46' title='bbox 289 1525 411 1590; x_wconf 89' lang='lat' dir='ltr'>anum,</span> <span class='ocrx_word' id='word_1_47' title='bbox 439 1499 559 1596; x_wconf 68' lang='lat' dir='ltr'>sulpte</span> <span class='ocrx_word' id='word_1_48' title='bbox 575 1499 695 1571; x_wconf 72' lang='lat' dir='ltr'>naturd</span> <span class='ocrx_word' id='word_1_49' title='bbox 722 1494 884 1593; x_wconf 83' lang='lat' dir='ltr'>potentiae</span> <span class='ocrx_word' id='word_1_50' title='bbox 908 1493 1063 1583; x_wconf 88' lang='lat' dir='ltr'>anxiam,</span> <span class='ocrx_word' id='word_1_51' title='bbox 1087 1490 1267 1565; x_wconf 86' lang='lat' dir='ltr'>insociabi-</span> 
     </span>
     <span class='ocr_line' id='line_1_9' title="bbox 288 1610 1266 1712; baseline -0.01 -20"><span class='ocrx_word' id='word_1_52' title='bbox 288 1619 359 1695; x_wconf 89' lang='lat' dir='ltr'>lem</span> <span class='ocrx_word' id='word_1_53' title='bbox 375 1617 479 1690; x_wconf 92' lang='lat' dir='ltr'>nurui</span> <span class='ocrx_word' id='word_1_54' title='bbox 504 1616 689 1690; x_wconf 87' lang='lat' dir='ltr'>efficiebat.</span> <span class='ocrx_word' id='word_1_55' title='bbox 739 1612 949 1712; x_wconf 79' lang='lat' dir='ltr'>Agrippina</span> <span class='ocrx_word' id='word_1_56' title='bbox 977 1635 1119 1708; x_wconf 90' lang='lat' dir='ltr'>quoque</span> <span class='ocrx_word' id='word_1_57' title='bbox 1147 1610 1266 1708; x_wconf 85' lang='lat' dir='ltr'>proxi-</span> 
     </span>
     <span class='ocr_line' id='line_1_10' title="bbox 291 1728 1331 1833; baseline -0.008 -26"><span class='ocrx_word' id='word_1_58' title='bbox 291 1736 342 1807; x_wconf 90' lang='lat' dir='ltr'>mi</span> <span class='ocrx_word' id='word_1_59' title='bbox 371 1734 629 1823; x_wconf 85' lang='lat' dir='ltr'>inliciebantur,</span> <span class='ocrx_word' id='word_1_60' title='bbox 659 1733 772 1830; x_wconf 88' lang='lat' dir='ltr'>pravis</span> <span class='ocrx_word' id='word_1_61' title='bbox 799 1730 1010 1807; x_wconf 88' lang='lat' dir='ltr'>sermonibus</span> <span class='ocrx_word' id='word_1_62' title='bbox 1027 1728 1180 1804; x_wconf 90' lang='lat' dir='ltr'>tumidos</span> <span class='ocrx_word' id='word_1_63' title='bbox 1198 1728 1266 1833; x_wconf 90' lang='lat' dir='ltr'>spi·</span> <span class='ocrx_word' id='word_1_64' title='bbox 1311 1790 1331 1833; x_wconf 74' lang='grc' dir='ltr'> </span> 
     </span>
     <span class='ocr_line' id='line_1_11' title="bbox 291 1852 650 1949; baseline 0.017 -26"><span class='ocrx_word' id='word_1_65' title='bbox 291 1852 379 1925; x_wconf 90' lang='lat' dir='ltr'>ritus</span> <span class='ocrx_word' id='word_1_66' title='bbox 404 1852 650 1949; x_wconf 84' lang='lat' dir='ltr'>perstimulare.</span> 
     </span>
    </p>

    <p class='ocr_par' dir='ltr' id='par_1_3' title="bbox 254 1967 1276 4108">
     <span class='ocr_line' id='line_1_12' title="bbox 340 1967 1269 2061; baseline 0.004 -20"><span class='ocrx_word' id='word_1_67' title='bbox 340 1971 441 2042; x_wconf 88' lang='lat' dir='ltr'><strong>XIII.</strong></span> <span class='ocrx_word' id='word_1_68' title='bbox 478 1976 539 2044; x_wconf 84' lang='lat' dir='ltr'>Ar</span> <span class='ocrx_word' id='word_1_69' title='bbox 574 1974 788 2061; x_wconf 81' lang='lat' dir='ltr'>Tiaanios,</span> <span class='ocrx_word' id='word_1_70' title='bbox 820 1971 907 2044; x_wconf 88' lang='lat' dir='ltr'>nihil</span> <span class='ocrx_word' id='word_1_71' title='bbox 939 1967 1128 2043; x_wconf 72' lang='lat' dir='ltr'>intermissa</span> <span class='ocrx_word' id='word_1_72' title='bbox 1154 1994 1269 2045; x_wconf 86' lang='lat' dir='ltr'>rerum</span> 
     </span>
     <span class='ocr_line' id='line_1_13' title="bbox 291 2086 1268 2187; baseline -0.001 -25"><span class='ocrx_word' id='word_1_73' title='bbox 291 2092 388 2180; x_wconf 79' lang='lat' dir='ltr'>curil,</span> <span class='ocrx_word' id='word_1_74' title='bbox 415 2089 557 2187; x_wconf 85' lang='lat' dir='ltr'>negotia</span> <span class='ocrx_word' id='word_1_75' title='bbox 584 2116 650 2187; x_wconf 94' lang='lat' dir='ltr'>pro</span> <span class='ocrx_word' id='word_1_76' title='bbox 682 2088 810 2164; x_wconf 89' lang='lat' dir='ltr'>solatiis</span> <span class='ocrx_word' id='word_1_77' title='bbox 825 2089 1013 2186; x_wconf 89' lang='lat' dir='ltr'>accipiens,</span> <span class='ocrx_word' id='word_1_78' title='bbox 1037 2086 1096 2185; x_wconf 88' lang='lat' dir='ltr'>jus</span> <span class='ocrx_word' id='word_1_79' title='bbox 1120 2088 1268 2181; x_wconf 86' lang='lat' dir='ltr'>civium,</span> 
     </span>
     <span class='ocr_line' id='line_1_14' title="bbox 292 2206 1268 2306; baseline 0.001 -25"><span class='ocrx_word' id='word_1_80' title='bbox 292 2233 413 2305; x_wconf 86' lang='lat' dir='ltr'>preces</span> <span class='ocrx_word' id='word_1_81' title='bbox 429 2206 603 2284; x_wconf 87' lang='lat' dir='ltr'>sociorum</span> <span class='ocrx_word' id='word_1_82' title='bbox 619 2211 795 2284; x_wconf 72' lang='lat' dir='ltr'>traslabat.</span> <span class='ocrx_word' id='word_1_83' title='bbox 846 2212 1035 2306; x_wconf 63' lang='lat' dir='ltr'>Fassaque,</span> <span class='ocrx_word' id='word_1_84' title='bbox 1054 2208 1195 2281; x_wconf 67' lang='lat' dir='ltr'>audore</span> <span class='ocrx_word' id='word_1_85' title='bbox 1210 2233 1268 2298; x_wconf 91' lang='lat' dir='ltr'>eo,</span> 
     </span>
     <span class='ocr_line' id='line_1_15' title="bbox 292 2326 1271 2425; baseline -0.004 -25"><span class='ocrx_word' id='word_1_86' title='bbox 292 2326 590 2422; x_wconf 80' lang='lat' dir='ltr'>senatusconsulta,</span> <span class='ocrx_word' id='word_1_87' title='bbox 633 2337 661 2372; x_wconf 89' lang='lat'><strong>“</strong></span> <span class='ocrx_word' id='word_1_88' title='bbox 678 2349 717 2403; x_wconf 90' lang='lat' dir='ltr'>ut</span> <span class='ocrx_word' id='word_1_89' title='bbox 754 2328 885 2403; x_wconf 91' lang='lat' dir='ltr'>civitati</span> <span class='ocrx_word' id='word_1_90' title='bbox 925 2326 1131 2425; x_wconf 80' lang='lat' dir='ltr'>Cibyraticae</span> <span class='ocrx_word' id='word_1_91' title='bbox 1176 2326 1271 2421; x_wconf 89' lang='lat' dir='ltr'>apud</span> 
     </span>
     <span class='ocr_line' id='line_1_16' title="bbox 294 2446 1269 2547; baseline -0.003 -28"><span class='ocrx_word' id='word_1_92' title='bbox 294 2454 324 2492; x_wconf 87' lang='lat'><strong>“</strong></span> <span class='ocrx_word' id='word_1_93' title='bbox 343 2450 475 2537; x_wconf 81' lang='lat' dir='ltr'>Asiam,</span> <span class='ocrx_word' id='word_1_94' title='bbox 516 2448 675 2547; x_wconf 86' lang='lat' dir='ltr'>AEgienfi</span> <span class='ocrx_word' id='word_1_95' title='bbox 707 2450 802 2546; x_wconf 90' lang='lat' dir='ltr'>apud</span> <span class='ocrx_word' id='word_1_96' title='bbox 836 2446 1010 2521; x_wconf 86' lang='lat' dir='ltr'>Achaiam</span> <span class='ocrx_word' id='word_1_97' title='bbox 1038 2465 1138 2519; x_wconf 91' lang='lat' dir='ltr'>motu</span> <span class='ocrx_word' id='word_1_98' title='bbox 1169 2464 1269 2517; x_wconf 87' lang='lat' dir='ltr'>terrae</span> 
     </span>
     <span class='ocr_line' id='line_1_17' title="bbox 291 2563 1269 2656; baseline -0.001 -18"><span class='ocrx_word' id='word_1_99' title='bbox 291 2572 320 2609; x_wconf 89' lang='lat'><strong>“</strong></span> <span class='ocrx_word' id='word_1_100' title='bbox 338 2565 528 2656; x_wconf 72' lang='lat' dir='ltr'>labefadis,</span> <span class='ocrx_word' id='word_1_101' title='bbox 568 2568 808 2647; x_wconf 87' lang='lat' dir='ltr'>subveniretur</span> <span class='ocrx_word' id='word_1_102' title='bbox 846 2565 1039 2641; x_wconf 80' lang='lat' dir='ltr'>remissione</span> <span class='ocrx_word' id='word_1_103' title='bbox 1081 2564 1200 2637; x_wconf 91' lang='lat' dir='ltr'>tributi</span> <span class='ocrx_word' id='word_1_104' title='bbox 1233 2563 1269 2637; x_wconf 92' lang='lat' dir='ltr'>in</span> 
     </span>
     <span class='ocr_line' id='line_1_18' title="bbox 295 2684 1270 2781; baseline 0 -26"><span class='ocrx_word' id='word_1_105' title='bbox 295 2690 323 2728; x_wconf 88' lang='lat'>“</span> <span class='ocrx_word' id='word_1_106' title='bbox 340 2684 567 2758; x_wconf 86' lang='lat' dir='ltr'>triennium.”</span> <span class='ocrx_word' id='word_1_107' title='bbox 618 2690 665 2758; x_wconf 92' lang='lat' dir='ltr'>Et</span> <span class='ocrx_word' id='word_1_108' title='bbox 682 2687 803 2760; x_wconf 89' lang='lat' dir='ltr'>Vibius</span> <span class='ocrx_word' id='word_1_109' title='bbox 820 2687 978 2775; x_wconf 89' lang='lat' dir='ltr'>Serenus,</span> <span class='ocrx_word' id='word_1_110' title='bbox 1012 2684 1195 2781; x_wconf 89' lang='lat' dir='ltr'>proconsul</span> <span class='ocrx_word' id='word_1_111' title='bbox 1217 2686 1270 2755; x_wconf 94' lang='lat' dir='ltr'>ul·</span> 
     </span>
     <span class='ocr_line' id='line_1_19' title="bbox 254 2802 1269 2900; baseline 0.002 -26"><span class='ocrx_word' id='word_1_112' title='bbox 254 2808 257 2811; x_wconf 78' lang='grc'><strong>’</strong></span> <span class='ocrx_word' id='word_1_113' title='bbox 293 2802 423 2875; x_wconf 90' lang='lat' dir='ltr'>terioris</span> <span class='ocrx_word' id='word_1_114' title='bbox 454 2802 646 2900; x_wconf 80' lang='lat' dir='ltr'>Hispaniae,</span> <span class='ocrx_word' id='word_1_115' title='bbox 682 2806 727 2876; x_wconf 87' lang='lat' dir='ltr'>de</span> <span class='ocrx_word' id='word_1_116' title='bbox 755 2804 791 2877; x_wconf 86' lang='lat' dir='ltr'>vi</span> <span class='ocrx_word' id='word_1_117' title='bbox 822 2803 962 2900; x_wconf 71' lang='lat' dir='ltr'>publicd</span> <span class='ocrx_word' id='word_1_118' title='bbox 994 2804 1192 2893; x_wconf 88' lang='lat' dir='ltr'>damnatus,</span> <span class='ocrx_word' id='word_1_119' title='bbox 1222 2806 1269 2876; x_wconf 94' lang='lat' dir='ltr'>ob</span> 
     </span>
     <span class='ocr_line' id='line_1_20' title="bbox 294 2918 1271 3021; baseline 0.003 -28"><span class='ocrx_word' id='word_1_120' title='bbox 294 2921 513 2995; x_wconf 86' lang='lat' dir='ltr'>atrocitatem</span> <span class='ocrx_word' id='word_1_121' title='bbox 542 2948 697 3012; x_wconf 86' lang='lat' dir='ltr'>motuni,</span> <span class='ocrx_word' id='word_1_122' title='bbox 739 2922 780 2994; x_wconf 84' lang='lat' dir='ltr'>in.</span> <span class='ocrx_word' id='word_1_123' title='bbox 806 2918 953 2998; x_wconf 77' lang='lat' dir='ltr'>instilam</span> <span class='ocrx_word' id='word_1_124' title='bbox 978 2926 1181 3021; x_wconf 84' lang='lat' dir='ltr'>Amorgum</span> <span class='ocrx_word' id='word_1_125' title='bbox 1209 2924 1271 2997; x_wconf 93' lang='lat' dir='ltr'>de·</span> 
     </span>
     <span class='ocr_line' id='line_1_21' title="bbox 294 3040 1273 3139; baseline 0 -24"><span class='ocrx_word' id='word_1_126' title='bbox 294 3060 461 3139; x_wconf 87' lang='lat' dir='ltr'>portatur.</span> <span class='ocrx_word' id='word_1_127' title='bbox 511 3040 683 3113; x_wconf 81' lang='lat' dir='ltr'>Carsidius</span> <span class='ocrx_word' id='word_1_128' title='bbox 695 3041 873 3133; x_wconf 86' lang='lat' dir='ltr'>Sacerdos,</span> <span class='ocrx_word' id='word_1_129' title='bbox 891 3068 981 3131; x_wconf 88' lang='lat' dir='ltr'>reus,</span> <span class='ocrx_word' id='word_1_130' title='bbox 1000 3061 1182 3138; x_wconf 88' lang='lat' dir='ltr'>tamquam</span> <span class='ocrx_word' id='word_1_131' title='bbox 1199 3041 1273 3115; x_wconf 90' lang='lat' dir='ltr'>sru-</span> 
     </span>
     <span class='ocr_line' id='line_1_22' title="bbox 294 3158 1270 3258; baseline 0 -25"><span class='ocrx_word' id='word_1_132' title='bbox 294 3178 416 3234; x_wconf 89' lang='lat' dir='ltr'>mento</span> <span class='ocrx_word' id='word_1_133' title='bbox 446 3160 579 3233; x_wconf 90' lang='lat' dir='ltr'>hostem</span> <span class='ocrx_word' id='word_1_134' title='bbox 594 3159 851 3234; x_wconf 87' lang='lat' dir='ltr'>Tacfarinatem</span> <span class='ocrx_word' id='word_1_135' title='bbox 873 3158 1028 3258; x_wconf 85' lang='lat' dir='ltr'>juvisset,</span> <span class='ocrx_word' id='word_1_136' title='bbox 1057 3158 1270 3247; x_wconf 81' lang='lat' dir='ltr'>absolvitur3</span> 
     </span>
     <span class='ocr_line' id='line_1_23' title="bbox 297 3278 1270 3377; baseline -0.001 -24"><span class='ocrx_word' id='word_1_137' title='bbox 297 3278 520 3377; x_wconf 84' lang='lat' dir='ltr'>ejusdemque</span> <span class='ocrx_word' id='word_1_138' title='bbox 549 3278 705 3353; x_wconf 88' lang='lat' dir='ltr'>criminis</span> <span class='ocrx_word' id='word_1_139' title='bbox 732 3279 775 3351; x_wconf 89' lang='lat' dir='ltr'>C.</span> <span class='ocrx_word' id='word_1_140' title='bbox 810 3282 973 3353; x_wconf 90' lang='lat' dir='ltr'>Graccus.</span> <span class='ocrx_word' id='word_1_141' title='bbox 1024 3281 1138 3353; x_wconf 86' lang='lat' dir='ltr'>Hunc</span> <span class='ocrx_word' id='word_1_142' title='bbox 1160 3280 1270 3355; x_wconf 88' lang='lat' dir='ltr'>conii·</span> 
     </span>
     <span class='ocr_line' id='line_1_24' title="bbox 294 3397 1273 3496; baseline 0.002 -24"><span class='ocrx_word' id='word_1_143' title='bbox 294 3422 366 3475; x_wconf 92' lang='lat' dir='ltr'>tem</span> <span class='ocrx_word' id='word_1_144' title='bbox 382 3399 491 3474; x_wconf 81' lang='lat' dir='ltr'>exsilii</span> <span class='ocrx_word' id='word_1_145' title='bbox 508 3398 703 3471; x_wconf 89' lang='lat' dir='ltr'>admodum</span> <span class='ocrx_word' id='word_1_146' title='bbox 720 3397 903 3490; x_wconf 87' lang='lat' dir='ltr'>infantem,</span> <span class='ocrx_word' id='word_1_147' title='bbox 932 3419 1029 3496; x_wconf 88' lang='lat' dir='ltr'>pater</span> <span class='ocrx_word' id='word_1_148' title='bbox 1046 3400 1273 3496; x_wconf 90' lang='lat' dir='ltr'>Sempronius</span> 
     </span>
     <span class='ocr_line' id='line_1_25' title="bbox 296 3516 1276 3594; baseline 0.003 -3"><span class='ocrx_word' id='word_1_149' title='bbox 296 3520 334 3592; x_wconf 92' lang='lat' dir='ltr'>in</span> <span class='ocrx_word' id='word_1_150' title='bbox 359 3518 505 3592; x_wconf 86' lang='lat' dir='ltr'>insulam</span> <span class='ocrx_word' id='word_1_151' title='bbox 533 3516 716 3591; x_wconf 89' lang='lat' dir='ltr'>Cercinam</span> <span class='ocrx_word' id='word_1_152' title='bbox 734 3518 871 3591; x_wconf 88' lang='lat' dir='ltr'>tulerat.</span> <span class='ocrx_word' id='word_1_153' title='bbox 920 3517 997 3591; x_wconf 91' lang='lat' dir='ltr'>Illic</span> <span class='ocrx_word' id='word_1_154' title='bbox 1026 3518 1165 3591; x_wconf 88' lang='lat' dir='ltr'>adultus</span> <span class='ocrx_word' id='word_1_155' title='bbox 1187 3520 1276 3594; x_wconf 92' lang='lat' dir='ltr'>inter</span> 
     </span>
     <span class='ocr_line' id='line_1_26' title="bbox 297 3636 1276 3737; baseline 0.002 -26"><span class='ocrx_word' id='word_1_156' title='bbox 297 3659 462 3727; x_wconf 85' lang='lat' dir='ltr'>extorres,</span> <span class='ocrx_word' id='word_1_157' title='bbox 493 3642 527 3711; x_wconf 76' lang='grc' dir='ltr'>δι</span> <span class='ocrx_word' id='word_1_158' title='bbox 556 3636 750 3710; x_wconf 88' lang='lat' dir='ltr'>liberalium</span> <span class='ocrx_word' id='word_1_159' title='bbox 778 3638 906 3711; x_wconf 89' lang='lat' dir='ltr'>artium</span> <span class='ocrx_word' id='word_1_160' title='bbox 935 3636 1078 3729; x_wconf 90' lang='lat' dir='ltr'>nescios,</span> <span class='ocrx_word' id='word_1_161' title='bbox 1108 3664 1194 3711; x_wconf 89' lang='lat' dir='ltr'>mox</span> <span class='ocrx_word' id='word_1_162' title='bbox 1213 3666 1276 3737; x_wconf 90' lang='lat' dir='ltr'>per</span> 
     </span>
     <span class='ocr_line' id='line_1_27' title="bbox 297 3754 1273 3833; baseline 0.007 -7"><span class='ocrx_word' id='word_1_163' title='bbox 297 3754 457 3829; x_wconf 87' lang='lat' dir='ltr'>Africam</span> <span class='ocrx_word' id='word_1_164' title='bbox 473 3780 514 3827; x_wconf 88' lang='lat' dir='ltr'>ac</span> <span class='ocrx_word' id='word_1_165' title='bbox 530 3754 683 3828; x_wconf 86' lang='lat' dir='ltr'>Siciliam</span> <span class='ocrx_word' id='word_1_166' title='bbox 699 3757 870 3829; x_wconf 87' lang='lat' dir='ltr'>mutando</span> <span class='ocrx_word' id='word_1_167' title='bbox 886 3756 1041 3830; x_wconf 89' lang='lat' dir='ltr'>sordidas</span> <span class='ocrx_word' id='word_1_168' title='bbox 1059 3782 1189 3831; x_wconf 90' lang='lat' dir='ltr'>merces</span> <span class='ocrx_word' id='word_1_169' title='bbox 1207 3758 1273 3833; x_wconf 91' lang='lat' dir='ltr'>sus-</span> 
     </span>
     <span class='ocr_line' id='line_1_28' title="bbox 295 3875 1274 3975; baseline 0.009 -31"><span class='ocrx_word' id='word_1_170' title='bbox 295 3875 514 3947; x_wconf 88' lang='lat' dir='ltr'>tentabatur:</span> <span class='ocrx_word' id='word_1_171' title='bbox 555 3900 619 3947; x_wconf 91' lang='lat' dir='ltr'>nec</span> <span class='ocrx_word' id='word_1_172' title='bbox 646 3895 764 3949; x_wconf 91' lang='lat' dir='ltr'>tamen</span> <span class='ocrx_word' id='word_1_173' title='bbox 793 3876 919 3975; x_wconf 85' lang='lat' dir='ltr'>effugit</span> <span class='ocrx_word' id='word_1_174' title='bbox 952 3902 1092 3975; x_wconf 76' lang='lat' dir='ltr'>magna</span> <span class='ocrx_word' id='word_1_175' title='bbox 1125 3876 1274 3953; x_wconf 82' lang='lat' dir='ltr'>forttmae</span> 
     </span>
     <span class='ocr_line' id='line_1_29' title="bbox 296 3990 1274 4108; baseline 0.01 -45"><span class='ocrx_word' id='word_1_176' title='bbox 296 3990 461 4108; x_wconf 88' lang='lat' dir='ltr'>pericula.</span> <span class='ocrx_word' id='word_1_177' title='bbox 511 3997 569 4066; x_wconf 87' lang='lat' dir='ltr'>Ac</span> <span class='ocrx_word' id='word_1_178' title='bbox 597 3992 634 4066; x_wconf 91' lang='lat' dir='ltr'>ni</span> <span class='ocrx_word' id='word_1_179' title='bbox 660 3994 779 4069; x_wconf 87' lang='lat' dir='ltr'>AElius</span> <span class='ocrx_word' id='word_1_180' title='bbox 801 3995 990 4087; x_wconf 61' lang='lat' dir='ltr'>Lamia&amp;</span> <span class='ocrx_word' id='word_1_181' title='bbox 1014 4000 1060 4072; x_wconf 89' lang='lat' dir='ltr'>L.</span> <span class='ocrx_word' id='word_1_182' title='bbox 1079 3997 1274 4097; x_wconf 82' lang='lat' dir='ltr'>Apronius,</span> 
     </span>
    </p>
   </div>
   <div class='ocr_carea' id='block_1_3' title="bbox 0 0 1643 5284">
    <p class='ocr_par' dir='ltr' id='par_1_4' title="bbox 0 0 1643 5284">
     <span class='ocr_line' id='line_1_30' title="bbox 0 0 1643 5284; baseline 0 0"><span class='ocrx_word' id='word_1_183' title='bbox 0 0 1643 5284; x_wconf 95' lang='lat' dir='ltr'> </span> 
     </span>
    </p>
   </div>
  </div>
 </body>
</html>
