3259 5284
349 620 417 691 182
539 616 1141 695 C.ConuacrrTncrrr

350 792 380 835 “
398 814 493 881 nere,
519 788 695 865 summum
713 792 921 889 pontificum
939 792 1041 865 etiam
1064 790 1241 865 summum
1253 792 1316 864 ho-

349 910 530 983 “minum
559 914 638 1001 else,
670 938 743 985 non
763 912 987 1003 aemulationi,
1024 937 1095 985 non
1124 910 1221 1001 odio,
1257 932 1316 985 aut

348 1036 376 1072 “
392 1029 534 1128 privatis
547 1030 799 1105 adseslionibus
823 1031 1057 1105 obnoxium.'’

393 1150 495 1223 LIX.
520 1156 725 1223 Aurantus
755 1176 832 1247 quae
867 1153 949 1223 curn
981 1175 1093 1247 augur
1126 1152 1313 1241 Lentulus,

350 1268 479 1365 aliique
506 1270 598 1343 varie
624 1271 838 1359 dissererent,
857 1268 898 1342 eo
915 1268 1096 1343 decursum
1113 1270 1176 1359 est,
1213 1278 1240 1314 “
1259 1290 1297 1343 ut

348 1394 376 1430 ‘⁴
394 1388 570 1483 pontilicis
583 1389 727 1461 maximi
737 1386 941 1463 sententiam
958 1390 1284 1487 opperirentur.''·T
1287 1387 1313 1459 i·

346 1508 474 1596 berius,
500 1507 605 1581 dilatl
633 1509 774 1585 notione
796 1507 938 1607 dejure
967 1510 1130 1599 flaminis,
1163 1509 1314 1581 decretas

346 1629 394 1699 ob
410 1625 628 1700 tribuniciam
646 1630 755 1701 Drusi¹
765 1628 966 1725 potestatem
987 1628 1199 1701 caerirnonias
1223 1649 1311 1701 tern-

347 1746 503 1843 peravit3
530 1746 738 1819 nominatim
753 1772 899 1846 arguens
913 1746 1165 1822 “insolentiam
1181 1745 1315 1819 senten-

345 1865 415 1956 tiae,
452 1864 635 1963 aureasque
674 1866 785 1946 literas
817 1887 936 1941 contra
968 1867 1115 1965 patrimn
1143 1866 1317 1939 morem.''

345 1983 515 2059 Recitatae
543 1989 577 2057 a
604 1987 708 2058 Drusi
735 1986 903 2082 epistola,
930 2012 1145 2083 quamquam
1169 1986 1214 2057 ad
1239 2012 1314 2058 mo-

344 2103 489 2177 destiam
522 2104 637 2193 flexae,
685 2130 749 2200 pro
783 2104 1022 2202 superbiffimis
1069 2104 1314 2203 accipiuntur:

347 2229 375 2268 “
401 2226 489 2297 Huc
518 2223 678 2295 decidiffe
702 2227 840 2315 consta,
866 2244 905 2307 ut
934 2252 977 2298 ne
992 2224 1126 2321 juvenis
1153 2224 1313 2321 quidem,

345 2348 375 2417 ‘f
392 2361 491 2413 tanto
507 2344 638 2413 honore
653 2364 809 2439 accepto,
828 2344 932 2417 adiret
952 2344 1059 2417 Urbis
1074 2346 1172 2433 deos,
1196 2343 1314 2441 ingre-
1338 2354 1342 2363 '

345 2461 532 2532 “deretur
557 2459 725 2551 senatum,
751 2460 903 2557 auspicia
929 2462 1047 2536 saltem
1066 2462 1194 2560 gentile
1219 2462 1314 2558 apud
1349 2552 1354 2565 Ι

344 2575 505 2653 “solum
533 2580 727 2677 inciperet?
777 2582 913 2655 Bellum
942 2580 1081 2672 scilicet,
1108 2602 1165 2653 aut
1181 2580 1315 2655 diverso

345 2708 560 2774 “terrarum
587 2699 755 2790 distineri,
792 2699 894 2775 litora
927 2705 961 2773 &
992 2702 1084 2775 lacus
1112 2699 1313 2799 Campauiae

344 2828 373 2870 “
391 2822 474 2894 clim
509 2819 663 2893 maxime
695 2841 958 2917 peragrantem:
988 2825 1031 2897 fic
1064 2818 1175 2893 imbui
1204 2820 1313 2891 reslo·

344 2949 372 2985 “
391 2967 466 3015 rem
480 2939 613 3038 generis
625 2940 788 3012 humani:
816 2938 851 3011 id
871 2939 1021 3035 primum
1038 2937 1314 3036 epaterniscon·
1404 2938 1406 2941 ’

344 3069 372 3106 “
391 3062 468 3135 siliis
496 3058 647 3134 discere:
675 3057 753 3133 sane
782 3080 978 3157 gravaretur
995 3057 1169 3155 aspectum
1181 3056 1314 3131 civium

343 3190 371 3224 “
388 3182 491 3253 senex
509 3183 716 3277 Imperator,
734 3175 922 3274 sellamque
939 3198 1089 3267 aetatem,
1108 3182 1141 3250 δι
1160 3179 1252 3249 astos
1265 3180 1313 3251 la-

343 3303 490 3374 “bores
513 3301 760 3396 praetenderet:
788 3296 901 3371 Druso
931 3300 1040 3395 quod,
1067 3298 1127 3371 nisr
1150 3321 1193 3368 ex
1209 3294 1312 3368 adro*-

343 3428 371 3461 “
391 3418 522 3516 gantis,
550 3416 892 3513 impedimentum?”

389 3540 472 3611 LX.
499 3540 574 3610 San
607 3534 783 3625 Tiberius,
821 3534 895 3608 vim
927 3532 1139 3631 principatus
1172 3534 1231 3609 fibi
1254 3537 1312 3609 fir-

341 3683 453 3746 mans,
496 3655 687 3754 imaginem
721 3652 931 3752 antiquitatis
964 3652 1093 3728 senatui
1123 3636 1314 3753 praebebat,

341 3777 513 3877 postulata
531 3774 790 3871 provinciarum
819 3776 864 3847 ad
893 3771 1161 3871 disquisitionem
1179 3796 1313 3873 patrum

340 3898 524 3971 mittendo.
574 3893 817 3967 Crebrescebat
845 3895 938 3966 enim
957 3896 1095 3968 Graecas
1124 3920 1183 3994 per
1212 3896 1315 3974 urbes

340 4015 477 4094 licentia
492 4037 598 4117 atque
612 4014 798 4113 impunitas
810 4011 901 4110 asyla
915 4014 1095 4089 statuendi.
1145 4016 1313 4111 Comple,
