3259 5284
264 718 332 833 0
455 709 1224 841 CORNELII

436 968 1061 1099 TACITI

379 1256 1120 1359 nuunnas

452 1530 665 1605 trusit
712 1530 1044 1627 oururus.

459 1768 1044 1807 m·-

264 1938 514 2089 Runrsrnro
534 2010 567 2081 dr
585 2008 615 2079 F
615 2008 688 2079 ulio
700 2003 911 2096 consulibus,
933 2032 1085 2105 quorum
1100 2006 1238 2104 utrique

264 2125 436 2198 Geminus
452 2144 727 2223 cognomentum
744 2146 829 2217 erat,
856 2125 952 2221 Julia
968 2122 1128 2223 Augusta
1145 2150 1239 2197 mor·

267 2262 339 2316 tem
357 2242 458 2335 obiit,
474 2262 574 2317 aetate
589 2246 756 2333 extrema,
774 2243 961 2318 nobilitatis
977 2268 1039 2340 per
1053 2244 1240 2316 Claudiam

265 2361 446 2455 familiam,
489 2367 523 2437 δι
556 2362 743 2461 adoptione
776 2362 965 2437 Liviorum
993 2360 1240 2458 Juliorumque

265 2481 466 2555 clariffimae.
524 2480 683 2555 Primum
715 2482 746 2555 ei
781 2480 1045 2554 matrimonium
1078 2484 1111 2553 &
1144 2480 1243 2553 liberi

265 2599 360 2673 fuere
388 2624 472 2673 cum
507 2599 650 2675 Tiberio
675 2602 833 2689 Nerone,
866 2599 928 2697 qui
961 2599 1054 2672 bello
1078 2600 1244 2671 Perusino

267 2715 451 2815 profugus,
487 2718 684 2814 pateinter
715 2720 793 2791 Sex.
823 2717 1033 2814 Pompeium
1058 2743 1099 2789 ac
1121 2716 1243 2789 triurn-

265 2836 359 2909 viros
378 2838 489 2932 padb,
514 2836 551 2909 in
566 2839 703 2911 Urbem
720 2837 833 2911 rediit.
883 2838 977 2911 Exin
990 2834 1115 2926 Caesar,
1144 2835 1243 2931 cupi-

267 2956 349 3029 dine
365 2955 501 3045 formae,
526 2954 637 3029 aufert
662 2956 801 3047 marito,
830 2955 1002 3029 incertum
1017 2982 1062 3028 an
1086 2954 1245 3044 invitam,

205 3166 208 3171 ἱ
267 3074 356 3149 adei)
373 3099 555 3173 properus,
576 3095 615 3148 ut
636 3100 679 3147 ne
694 3073 803 3171 spatio
820 3074 965 3172 quidem
981 3077 1027 3147 ad
1043 3073 1247 3148 enitendum

267 3196 363 3284 dato,
382 3194 565 3290 penatibus
581 3193 647 3267 suis
669 3192 850 3291 gravidam
866 3192 1053 3267 induxerit.
1101 3193 1248 3266 Nullam

267 3314 410 3411 posthac
432 3311 587 3387 subolem
608 3312 735 3387 edidit:
764 3309 822 3384 sed
845 3311 1002 3409 sanguini
1021 3312 1170 3410 Augusti
1189 3337 1250 3408 per

267 3430 551 3527 eonjundlionem
578 3430 784 3528 Agrippina
810 3434 845 3503 δι
868 3430 1069 3503 Germanici
1097 3426 1261 3519 adnexa,'

268 3574 475 3623 communes
508 3570 716 3649 pronepotes
744 3549 866 3623 habuit
880 3563 896 3621 :¹
916 3548 1091 3622 sanditate
1122 3551 1251 3621 dombs

270 3665 418 3763 priscum
441 3671 488 3742 ad
514 3694 665 3760 morem,
695 3667 806 3741 comis
836 3670 927 3741 ultra
961 3669 1070 3766 quam
1099 3667 1251 3763 antiquis

270 3784 407 3859 feminis
436 3790 637 3884 probatum,
661 3806 773 3860 mater
800 3787 988 3885 impotens,
1018 3812 1108 3860 uxor
1129 3785 1251 3877 facilis,

272 3908 403 3982 &cum
422 3906 552 3981 artibus
569 3906 696 3999 mariti,
716 3906 932 3981 simulatione
944 3906 1022 3999 filii,
1047 3909 1136 3983 bene
1152 3930 1251 3981 com-

744 4026 818 4117 54
