<?xml version="1.0" encoding="UTF-8"?>
<!DOCTYPE html PUBLIC "-//W3C//DTD XHTML 1.0 Transitional//EN"
    "http://www.w3.org/TR/xhtml1/DTD/xhtml1-transitional.dtd">
<html xmlns="http://www.w3.org/1999/xhtml" xml:lang="en" lang="en">
 <head>
  <title>
</title>
<meta http-equiv="Content-Type" content="text/html;charset=utf-8" />
  <meta name='ocr-system' content='tesseract 3.04.00' />
  <meta name='ocr-capabilities' content='ocr_page ocr_carea ocr_par ocr_line ocrx_word'/>
</head>
<body>
  <div class='ocr_page' id='page_1' title='image "./ccorneliitaciti04freigoog_0190.png"; bbox 0 0 3259 5284; ppageno 0'>
   <div class='ocr_carea' id='block_1_1' title="bbox 395 569 1130 669">
    <p class='ocr_par' dir='ltr' id='par_1_1' title="bbox 395 569 1130 669">
     <span class='ocr_line' id='line_1_1' title="bbox 395 569 1130 669; baseline -0.004 -24"><span class='ocrx_word' id='word_1_1' title='bbox 395 590 462 669; x_wconf 79' lang='lat'>132</span> <span class='ocrx_word' id='word_1_2' title='bbox 621 570 664 644; x_wconf 91' lang='lat' dir='ltr'>C.</span> <span class='ocrx_word' id='word_1_3' title='bbox 687 569 925 644; x_wconf 63' lang='lat' dir='ltr'>coenam</span> <span class='ocrx_word' id='word_1_4' title='bbox 951 571 1130 644; x_wconf 79' lang='lat' dir='ltr'>Tacrrl</span> 
     </span>
    </p>
   </div>
   <div class='ocr_carea' id='block_1_2' title="bbox 394 732 1382 4047">
    <p class='ocr_par' dir='ltr' id='par_1_2' title="bbox 394 732 1374 2367">
     <span class='ocr_line' id='line_1_2' title="bbox 394 732 1363 830; baseline 0.003 -28"><span class='ocrx_word' id='word_1_5' title='bbox 394 737 424 773; x_wconf 80' lang='lat'>‘⁶</span> <span class='ocrx_word' id='word_1_6' title='bbox 442 750 593 804; x_wconf 87' lang='lat' dir='ltr'>mortem</span> <span class='ocrx_word' id='word_1_7' title='bbox 609 734 656 806; x_wconf 94' lang='lat' dir='ltr'>ob</span> <span class='ocrx_word' id='word_1_8' title='bbox 674 732 928 830; x_wconf 84' lang='lat' dir='ltr'>rempublicam</span> <span class='ocrx_word' id='word_1_9' title='bbox 945 733 1065 807; x_wconf 84' lang='lat' dir='ltr'>obiisse</span> <span class='ocrx_word' id='word_1_10' title='bbox 1080 733 1117 805; x_wconf 85' lang='lat'>:”</span> <span class='ocrx_word' id='word_1_11' title='bbox 1144 732 1363 830; x_wconf 87' lang='lat' dir='ltr'>sepulchrum</span> 
     </span>
     <span class='ocr_line' id='line_1_3' title="bbox 394 849 1362 947; baseline -0.002 -23"><span class='ocrx_word' id='word_1_12' title='bbox 394 849 593 924; x_wconf 78' lang='lat' dir='ltr'>Antiochia</span> <span class='ocrx_word' id='word_1_13' title='bbox 621 850 682 924; x_wconf 91' lang='lat' dir='ltr'>ubi</span> <span class='ocrx_word' id='word_1_14' title='bbox 709 873 904 926; x_wconf 85' lang='lat' dir='ltr'>crematus:</span> <span class='ocrx_word' id='word_1_15' title='bbox 942 851 1092 926; x_wconf 88' lang='lat' dir='ltr'>tribunal</span> <span class='ocrx_word' id='word_1_16' title='bbox 1128 850 1362 947; x_wconf 80' lang='lat' dir='ltr'>Epidaphnae,</span> 
     </span>
     <span class='ocr_line' id='line_1_4' title="bbox 396 969 1367 1066; baseline 0.001 -25"><span class='ocrx_word' id='word_1_17' title='bbox 396 994 469 1066; x_wconf 89' lang='lat' dir='ltr'>quo</span> <span class='ocrx_word' id='word_1_18' title='bbox 485 969 521 1042; x_wconf 91' lang='lat' dir='ltr'>in</span> <span class='ocrx_word' id='word_1_19' title='bbox 538 971 618 1043; x_wconf 88' lang='lat' dir='ltr'>loco</span> <span class='ocrx_word' id='word_1_20' title='bbox 632 969 741 1042; x_wconf 91' lang='lat' dir='ltr'>vitam</span> <span class='ocrx_word' id='word_1_21' title='bbox 758 971 901 1044; x_wconf 85' lang='lat' dir='ltr'>finierat.</span> <span class='ocrx_word' id='word_1_22' title='bbox 950 973 1145 1044; x_wconf 74' lang='lat' dir='ltr'>statuarum</span> <span class='ocrx_word' id='word_1_23' title='bbox 1164 971 1367 1042; x_wconf 81' lang='lat' dir='ltr'>locorumve</span> 
     </span>
     <span class='ocr_line' id='line_1_5' title="bbox 395 1086 1366 1187; baseline -0.001 -29"><span class='ocrx_word' id='word_1_24' title='bbox 395 1087 433 1158; x_wconf 94' lang='lat' dir='ltr'>in</span> <span class='ocrx_word' id='word_1_25' title='bbox 450 1090 528 1183; x_wconf 85' lang='lat' dir='ltr'>quls</span> <span class='ocrx_word' id='word_1_26' title='bbox 544 1090 750 1178; x_wconf 89' lang='lat' dir='ltr'>colerentur,</span> <span class='ocrx_word' id='word_1_27' title='bbox 765 1091 858 1162; x_wconf 89' lang='lat' dir='ltr'>haud</span> <span class='ocrx_word' id='word_1_28' title='bbox 875 1089 975 1164; x_wconf 70' lang='lat' dir='ltr'>facile</span> <span class='ocrx_word' id='word_1_29' title='bbox 991 1089 1069 1187; x_wconf 88' lang='lat' dir='ltr'>quis</span> <span class='ocrx_word' id='word_1_30' title='bbox 1086 1111 1273 1162; x_wconf 89' lang='lat' dir='ltr'>numerum</span> <span class='ocrx_word' id='word_1_31' title='bbox 1301 1086 1366 1159; x_wconf 92' lang='lat' dir='ltr'>ini-</span> 
     </span>
     <span class='ocr_line' id='line_1_6' title="bbox 395 1205 1366 1306; baseline -0.004 -26"><span class='ocrx_word' id='word_1_32' title='bbox 395 1205 468 1280; x_wconf 87' lang='lat' dir='ltr'>erit.</span> <span class='ocrx_word' id='word_1_33' title='bbox 518 1208 610 1280; x_wconf 81' lang='lat' dir='ltr'>com</span> <span class='ocrx_word' id='word_1_34' title='bbox 637 1208 828 1282; x_wconf 87' lang='lat' dir='ltr'>censeretur</span> <span class='ocrx_word' id='word_1_35' title='bbox 852 1209 996 1306; x_wconf 85' lang='lat' dir='ltr'>clipeus,</span> <span class='ocrx_word' id='word_1_36' title='bbox 1024 1234 1109 1280; x_wconf 92' lang='lat' dir='ltr'>auro</span> <span class='ocrx_word' id='word_1_37' title='bbox 1131 1212 1164 1280; x_wconf 87' lang='lat'>&amp;</span> <span class='ocrx_word' id='word_1_38' title='bbox 1190 1205 1366 1302; x_wconf 84' lang='lat' dir='ltr'>magnitu-</span> 
     </span>
     <span class='ocr_line' id='line_1_7' title="bbox 396 1322 1367 1424; baseline -0.003 -26"><span class='ocrx_word' id='word_1_39' title='bbox 396 1325 481 1398; x_wconf 83' lang='lat' dir='ltr'>dine</span> <span class='ocrx_word' id='word_1_40' title='bbox 494 1325 647 1424; x_wconf 82' lang='lat' dir='ltr'>insrgnis,</span> <span class='ocrx_word' id='word_1_41' title='bbox 675 1327 763 1400; x_wconf 88' lang='lat' dir='ltr'>inter</span> <span class='ocrx_word' id='word_1_42' title='bbox 789 1330 943 1402; x_wconf 66' lang='lat' dir='ltr'>auctores</span> <span class='ocrx_word' id='word_1_43' title='bbox 970 1325 1204 1424; x_wconf 85' lang='lat' dir='ltr'>eloquentiae;</span> <span class='ocrx_word' id='word_1_44' title='bbox 1229 1322 1367 1396; x_wconf 89' lang='lat' dir='ltr'>adseve-</span> 
     </span>
     <span class='ocr_line' id='line_1_8' title="bbox 396 1443 1367 1544; baseline -0.002 -26"><span class='ocrx_word' id='word_1_45' title='bbox 396 1445 488 1518; x_wconf 82' lang='lat' dir='ltr'>ravit</span> <span class='ocrx_word' id='word_1_46' title='bbox 502 1445 680 1536; x_wconf 85' lang='lat' dir='ltr'>Tiberius,</span> <span class='ocrx_word' id='word_1_47' title='bbox 707 1445 892 1520; x_wconf 90' lang='lat' dir='ltr'>“solitum</span> <span class='ocrx_word' id='word_1_48' title='bbox 909 1469 1097 1544; x_wconf 86' lang='lat' dir='ltr'>paremque</span> <span class='ocrx_word' id='word_1_49' title='bbox 1124 1443 1244 1516; x_wconf 86' lang='lat' dir='ltr'>ceteris</span> <span class='ocrx_word' id='word_1_50' title='bbox 1272 1445 1367 1517; x_wconf 87' lang='lat' dir='ltr'>dica·</span> 
     </span>
     <span class='ocr_line' id='line_1_9' title="bbox 400 1561 1368 1664; baseline -0.002 -28"><span class='ocrx_word' id='word_1_51' title='bbox 400 1571 429 1608; x_wconf 91' lang='lat'>“</span> <span class='ocrx_word' id='word_1_52' title='bbox 445 1583 590 1640; x_wconf 86' lang='lat' dir='ltr'>turum:</span> <span class='ocrx_word' id='word_1_53' title='bbox 620 1589 736 1662; x_wconf 87' lang='lat' dir='ltr'>neque</span> <span class='ocrx_word' id='word_1_54' title='bbox 762 1567 856 1638; x_wconf 90' lang='lat' dir='ltr'>enim</span> <span class='ocrx_word' id='word_1_55' title='bbox 872 1566 1106 1664; x_wconf 87' lang='lat' dir='ltr'>eloquentiam</span> <span class='ocrx_word' id='word_1_56' title='bbox 1139 1562 1276 1637; x_wconf 68' lang='lat' dir='ltr'>fortuna</span> <span class='ocrx_word' id='word_1_57' title='bbox 1299 1561 1368 1635; x_wconf 91' lang='lat' dir='ltr'>dis-</span> 
     </span>
     <span class='ocr_line' id='line_1_10' title="bbox 400 1680 1370 1777; baseline -0.003 -21"><span class='ocrx_word' id='word_1_58' title='bbox 400 1691 430 1728; x_wconf 91' lang='lat'><strong>“</strong></span> <span class='ocrx_word' id='word_1_59' title='bbox 448 1682 565 1768; x_wconf 87' lang='lat' dir='ltr'>cerni;</span> <span class='ocrx_word' id='word_1_60' title='bbox 593 1687 627 1756; x_wconf 75' lang='grc' dir='ltr'>δι</span> <span class='ocrx_word' id='word_1_61' title='bbox 660 1682 916 1777; x_wconf 83' lang='lat' dir='ltr'>satisinlustre,</span> <span class='ocrx_word' id='word_1_62' title='bbox 943 1689 965 1757; x_wconf 82' lang='lat' dir='ltr'>st</span> <span class='ocrx_word' id='word_1_63' title='bbox 995 1703 1126 1758; x_wconf 85' lang='lat' dir='ltr'>veteres</span> <span class='ocrx_word' id='word_1_64' title='bbox 1153 1683 1241 1756; x_wconf 89' lang='lat' dir='ltr'>inter</span> <span class='ocrx_word' id='word_1_65' title='bbox 1267 1680 1370 1777; x_wconf 91' lang='lat' dir='ltr'>scrip-</span> 
     </span>
     <span class='ocr_line' id='line_1_11' title="bbox 401 1801 1370 1902; baseline -0.004 -27"><span class='ocrx_word' id='word_1_66' title='bbox 401 1810 430 1848; x_wconf 90' lang='lat'><strong>“</strong></span> <span class='ocrx_word' id='word_1_67' title='bbox 447 1823 535 1875; x_wconf 90' lang='lat' dir='ltr'>tores</span> <span class='ocrx_word' id='word_1_68' title='bbox 560 1805 778 1877; x_wconf 88' lang='lat' dir='ltr'>haberetur.’&#39;</span> <span class='ocrx_word' id='word_1_69' title='bbox 829 1803 995 1902; x_wconf 81' lang='lat' dir='ltr'>Equester</span> <span class='ocrx_word' id='word_1_70' title='bbox 1025 1806 1114 1877; x_wconf 93' lang='lat' dir='ltr'>ordo</span> <span class='ocrx_word' id='word_1_71' title='bbox 1140 1827 1263 1874; x_wconf 85' lang='lat' dir='ltr'>cuneum</span> <span class='ocrx_word' id='word_1_72' title='bbox 1289 1801 1370 1872; x_wconf 83' lang='lat' dir='ltr'>Ger-</span> 
     </span>
     <span class='ocr_line' id='line_1_12' title="bbox 399 1920 1370 2021; baseline -0.004 -25"><span class='ocrx_word' id='word_1_73' title='bbox 399 1926 516 1996; x_wconf 83' lang='lat' dir='ltr'>manici</span> <span class='ocrx_word' id='word_1_74' title='bbox 545 1923 746 2020; x_wconf 87' lang='lat' dir='ltr'>appellavit,</span> <span class='ocrx_word' id='word_1_75' title='bbox 779 1924 841 2021; x_wconf 90' lang='lat' dir='ltr'>qui</span> <span class='ocrx_word' id='word_1_76' title='bbox 869 1923 1036 2014; x_wconf 82' lang='lat' dir='ltr'>Juniorum</span> <span class='ocrx_word' id='word_1_77' title='bbox 1072 1921 1274 2007; x_wconf 85' lang='lat' dir='ltr'>dicebatur;</span> <span class='ocrx_word' id='word_1_78' title='bbox 1317 1920 1370 1992; x_wconf 84' lang='lat' dir='ltr'>in·</span> 
     </span>
     <span class='ocr_line' id='line_1_13' title="bbox 399 2037 1371 2140; baseline -0.003 -25"><span class='ocrx_word' id='word_1_79' title='bbox 399 2042 578 2140; x_wconf 88' lang='lat' dir='ltr'>stituitque</span> <span class='ocrx_word' id='word_1_80' title='bbox 605 2044 658 2114; x_wconf 83' lang='lat' dir='ltr'>uti</span> <span class='ocrx_word' id='word_1_81' title='bbox 684 2063 804 2117; x_wconf 81' lang='lat' dir='ltr'>tttrtnae</span> <span class='ocrx_word' id='word_1_82' title='bbox 821 2041 942 2116; x_wconf 85' lang='lat' dir='ltr'>Idibus</span> <span class='ocrx_word' id='word_1_83' title='bbox 967 2042 1075 2138; x_wconf 85' lang='lat' dir='ltr'>Juliis·</span> <span class='ocrx_word' id='word_1_84' title='bbox 1088 2040 1276 2138; x_wconf 84' lang='lat' dir='ltr'>imaginem</span> <span class='ocrx_word' id='word_1_85' title='bbox 1300 2037 1371 2137; x_wconf 87' lang='lat' dir='ltr'>ejus</span> 
     </span>
     <span class='ocr_line' id='line_1_14' title="bbox 400 2153 1374 2260; baseline -0.004 -26"><span class='ocrx_word' id='word_1_86' title='bbox 400 2161 644 2258; x_wconf 82' lang='lat' dir='ltr'>sequerentur:</span> <span class='ocrx_word' id='word_1_87' title='bbox 688 2161 850 2260; x_wconf 87' lang='lat' dir='ltr'>pleraque</span> <span class='ocrx_word' id='word_1_88' title='bbox 875 2181 1039 2248; x_wconf 82' lang='lat' dir='ltr'>manent:</span> <span class='ocrx_word' id='word_1_89' title='bbox 1069 2161 1229 2258; x_wconf 85' lang='lat' dir='ltr'>quaedam</span> <span class='ocrx_word' id='word_1_90' title='bbox 1260 2153 1374 2232; x_wconf 79' lang='lat' dir='ltr'>statim</span> 
     </span>
     <span class='ocr_line' id='line_1_15' title="bbox 400 2277 1099 2367; baseline -0.001 -15"><span class='ocrx_word' id='word_1_91' title='bbox 400 2281 523 2352; x_wconf 85' lang='lat' dir='ltr'>omissa</span> <span class='ocrx_word' id='word_1_92' title='bbox 537 2279 627 2367; x_wconf 92' lang='lat' dir='ltr'>sunt,</span> <span class='ocrx_word' id='word_1_93' title='bbox 653 2299 713 2351; x_wconf 93' lang='lat' dir='ltr'>aut</span> <span class='ocrx_word' id='word_1_94' title='bbox 728 2280 878 2353; x_wconf 84' lang='lat' dir='ltr'>vetustas</span> <span class='ocrx_word' id='word_1_95' title='bbox 894 2277 1099 2353; x_wconf 89' lang='lat' dir='ltr'>obliteravit.</span> 
     </span>
    </p>

    <p class='ocr_par' dir='ltr' id='par_1_3' title="bbox 401 2395 1380 3688">
     <span class='ocr_line' id='line_1_16' title="bbox 450 2395 1372 2486; baseline -0.002 -16"><span class='ocrx_word' id='word_1_96' title='bbox 450 2399 659 2470; x_wconf 87' lang='lat' dir='ltr'><strong>LXXXIV.</strong></span> <span class='ocrx_word' id='word_1_97' title='bbox 683 2399 881 2470; x_wconf 74' lang='lat' dir='ltr'>Coranum</span> <span class='ocrx_word' id='word_1_98' title='bbox 908 2398 1035 2471; x_wconf 89' lang='lat' dir='ltr'>recenti</span> <span class='ocrx_word' id='word_1_99' title='bbox 1061 2399 1176 2470; x_wconf 89' lang='lat' dir='ltr'>adhuc</span> <span class='ocrx_word' id='word_1_100' title='bbox 1203 2395 1372 2486; x_wconf 77' lang='lat' dir='ltr'>maestitil,</span> 
     </span>
     <span class='ocr_line' id='line_1_17' title="bbox 401 2513 1374 2614; baseline -0.004 -23"><span class='ocrx_word' id='word_1_101' title='bbox 401 2517 496 2591; x_wconf 89' lang='lat' dir='ltr'>soror</span> <span class='ocrx_word' id='word_1_102' title='bbox 516 2516 717 2590; x_wconf 88' lang='lat' dir='ltr'>Germanici</span> <span class='ocrx_word' id='word_1_103' title='bbox 744 2517 865 2607; x_wconf 90' lang='lat' dir='ltr'>Livia,</span> <span class='ocrx_word' id='word_1_104' title='bbox 888 2537 1000 2614; x_wconf 89' lang='lat' dir='ltr'>nupta</span> <span class='ocrx_word' id='word_1_105' title='bbox 1025 2515 1154 2608; x_wconf 88' lang='lat' dir='ltr'>Druso,</span> <span class='ocrx_word' id='word_1_106' title='bbox 1175 2519 1263 2590; x_wconf 87' lang='lat' dir='ltr'>duos</span> <span class='ocrx_word' id='word_1_107' title='bbox 1291 2513 1374 2588; x_wconf 89' lang='lat' dir='ltr'>viri·</span> 
     </span>
     <span class='ocr_line' id='line_1_18' title="bbox 401 2635 1375 2733; baseline -0.002 -25"><span class='ocrx_word' id='word_1_108' title='bbox 401 2636 445 2708; x_wconf 90' lang='lat' dir='ltr'>lis</span> <span class='ocrx_word' id='word_1_109' title='bbox 459 2635 559 2710; x_wconf 73' lang='lat' dir='ltr'>sextis</span> <span class='ocrx_word' id='word_1_110' title='bbox 576 2636 675 2708; x_wconf 85' lang='lat' dir='ltr'>fimul</span> <span class='ocrx_word' id='word_1_111' title='bbox 692 2635 795 2708; x_wconf 86' lang='lat' dir='ltr'>enixa</span> <span class='ocrx_word' id='word_1_112' title='bbox 810 2636 883 2710; x_wconf 89' lang='lat' dir='ltr'>est:</span> <span class='ocrx_word' id='word_1_113' title='bbox 916 2638 1014 2733; x_wconf 90' lang='lat' dir='ltr'>quod</span> <span class='ocrx_word' id='word_1_114' title='bbox 1040 2659 1155 2708; x_wconf 82' lang='lat' dir='ltr'>rarum</span> <span class='ocrx_word' id='word_1_115' title='bbox 1186 2637 1375 2731; x_wconf 72' lang='lat' dir='ltr'>laenamque</span> 
     </span>
     <span class='ocr_line' id='line_1_19' title="bbox 402 2754 1376 2853; baseline -0.001 -24"><span class='ocrx_word' id='word_1_116' title='bbox 402 2756 510 2830; x_wconf 89' lang='lat' dir='ltr'>ctiam</span> <span class='ocrx_word' id='word_1_117' title='bbox 527 2755 674 2828; x_wconf 87' lang='lat' dir='ltr'>modicis</span> <span class='ocrx_word' id='word_1_118' title='bbox 691 2754 887 2852; x_wconf 84' lang='lat' dir='ltr'>penatibus,</span> <span class='ocrx_word' id='word_1_119' title='bbox 910 2774 1008 2833; x_wconf 88' lang='lat' dir='ltr'>tanto</span> <span class='ocrx_word' id='word_1_120' title='bbox 1026 2755 1154 2853; x_wconf 86' lang='lat' dir='ltr'>gaudio</span> <span class='ocrx_word' id='word_1_121' title='bbox 1175 2754 1376 2850; x_wconf 90' lang='lat' dir='ltr'>Principem</span> 
     </span>
     <span class='ocr_line' id='line_1_20' title="bbox 402 2872 1377 2971; baseline -0.002 -23"><span class='ocrx_word' id='word_1_122' title='bbox 402 2874 544 2966; x_wconf 85' lang='lat' dir='ltr'>adfecit,</span> <span class='ocrx_word' id='word_1_123' title='bbox 567 2896 608 2948; x_wconf 91' lang='lat' dir='ltr'>ut</span> <span class='ocrx_word' id='word_1_124' title='bbox 635 2900 706 2950; x_wconf 92' lang='lat' dir='ltr'>non</span> <span class='ocrx_word' id='word_1_125' title='bbox 733 2874 989 2970; x_wconf 86' lang='lat' dir='ltr'>temperaverit,</span> <span class='ocrx_word' id='word_1_126' title='bbox 1018 2875 1103 2971; x_wconf 90' lang='lat' dir='ltr'>quin</span> <span class='ocrx_word' id='word_1_127' title='bbox 1128 2872 1269 2971; x_wconf 69' lang='lat' dir='ltr'>jadiaret</span> <span class='ocrx_word' id='word_1_128' title='bbox 1283 2873 1377 2969; x_wconf 92' lang='lat' dir='ltr'>apud</span> 
     </span>
     <span class='ocr_line' id='line_1_21' title="bbox 403 2990 1379 3092; baseline -0.004 -24"><span class='ocrx_word' id='word_1_129' title='bbox 403 3014 531 3092; x_wconf 82' lang='lat' dir='ltr'>patres,</span> <span class='ocrx_word' id='word_1_130' title='bbox 557 2994 687 3067; x_wconf 88' lang='lat' dir='ltr'>“nulli</span> <span class='ocrx_word' id='word_1_131' title='bbox 704 2994 783 3068; x_wconf 65' lang='lat' dir='ltr'>ante</span> <span class='ocrx_word' id='word_1_132' title='bbox 800 2999 1044 3068; x_wconf 89' lang='lat' dir='ltr'>Romanorum</span> <span class='ocrx_word' id='word_1_133' title='bbox 1072 2992 1222 3090; x_wconf 91' lang='lat' dir='ltr'>ejusdem</span> <span class='ocrx_word' id='word_1_134' title='bbox 1252 2990 1379 3090; x_wconf 80' lang='lat' dir='ltr'>fastigii</span> 
     </span>
     <span class='ocr_line' id='line_1_22' title="bbox 405 3112 1378 3212; baseline -0.002 -26"><span class='ocrx_word' id='word_1_135' title='bbox 405 3116 529 3188; x_wconf 87' lang='lat' dir='ltr'>“viro</span> <span class='ocrx_word' id='word_1_136' title='bbox 556 3114 736 3212; x_wconf 86' lang='lat' dir='ltr'>geminam</span> <span class='ocrx_word' id='word_1_137' title='bbox 762 3114 904 3210; x_wconf 86' lang='lat' dir='ltr'>stirpem</span> <span class='ocrx_word' id='word_1_138' title='bbox 931 3112 1061 3185; x_wconf 89' lang='lat' dir='ltr'>editam</span> <span class='ocrx_word' id='word_1_139' title='bbox 1076 3115 1113 3186; x_wconf 86' lang='lat'>:’¹</span> <span class='ocrx_word' id='word_1_140' title='bbox 1145 3137 1227 3184; x_wconf 90' lang='lat' dir='ltr'>nam</span> <span class='ocrx_word' id='word_1_141' title='bbox 1255 3113 1378 3184; x_wconf 72' lang='lat' dir='ltr'>cuneta</span> 
     </span>
     <span class='ocr_line' id='line_1_23' title="bbox 404 3231 1379 3330; baseline -0.007 -21"><span class='ocrx_word' id='word_1_142' title='bbox 404 3235 510 3310; x_wconf 86' lang='lat' dir='ltr'>etiam</span> <span class='ocrx_word' id='word_1_143' title='bbox 536 3231 675 3305; x_wconf 86' lang='lat' dir='ltr'>fortuita</span> <span class='ocrx_word' id='word_1_144' title='bbox 702 3234 748 3306; x_wconf 91' lang='lat' dir='ltr'>ad</span> <span class='ocrx_word' id='word_1_145' title='bbox 777 3233 924 3330; x_wconf 86' lang='lat' dir='ltr'>gloriam</span> <span class='ocrx_word' id='word_1_146' title='bbox 948 3233 1115 3304; x_wconf 88' lang='lat' dir='ltr'>vertebat.</span> <span class='ocrx_word' id='word_1_147' title='bbox 1166 3232 1233 3304; x_wconf 86' lang='lat' dir='ltr'>Sed</span> <span class='ocrx_word' id='word_1_148' title='bbox 1247 3231 1379 3327; x_wconf 92' lang='lat' dir='ltr'>populo</span> 
     </span>
     <span class='ocr_line' id='line_1_24' title="bbox 403 3349 1377 3447; baseline -0.006 -21"><span class='ocrx_word' id='word_1_149' title='bbox 403 3354 464 3427; x_wconf 88' lang='lat' dir='ltr'>tali</span> <span class='ocrx_word' id='word_1_150' title='bbox 493 3353 716 3447; x_wconf 89' lang='lat' dir='ltr'>intempore</span> <span class='ocrx_word' id='word_1_151' title='bbox 743 3352 780 3423; x_wconf 92' lang='lat' dir='ltr'>id</span> <span class='ocrx_word' id='word_1_152' title='bbox 803 3375 947 3447; x_wconf 88' lang='lat' dir='ltr'>quoque</span> <span class='ocrx_word' id='word_1_153' title='bbox 972 3352 1129 3423; x_wconf 90' lang='lat' dir='ltr'>dolorem</span> <span class='ocrx_word' id='word_1_154' title='bbox 1156 3349 1259 3434; x_wconf 84' lang='lat' dir='ltr'>tulit3</span> <span class='ocrx_word' id='word_1_155' title='bbox 1289 3369 1377 3421; x_wconf 87' lang='lat' dir='ltr'>tam-</span> 
     </span>
     <span class='ocr_line' id='line_1_25' title="bbox 405 3467 1380 3570; baseline -0.005 -24"><span class='ocrx_word' id='word_1_156' title='bbox 405 3497 514 3570; x_wconf 88' lang='lat' dir='ltr'>quam</span> <span class='ocrx_word' id='word_1_157' title='bbox 541 3471 661 3544; x_wconf 74' lang='lat' dir='ltr'>auctus</span> <span class='ocrx_word' id='word_1_158' title='bbox 690 3467 803 3546; x_wconf 84' lang='lat' dir='ltr'>liberis</span> <span class='ocrx_word' id='word_1_159' title='bbox 827 3467 971 3558; x_wconf 86' lang='lat' dir='ltr'>Drusus,</span> <span class='ocrx_word' id='word_1_160' title='bbox 999 3471 1146 3542; x_wconf 89' lang='lat' dir='ltr'>domum</span> <span class='ocrx_word' id='word_1_161' title='bbox 1179 3469 1380 3543; x_wconf 85' lang='lat' dir='ltr'>Germanici</span> 
     </span>
     <span class='ocr_line' id='line_1_26' title="bbox 405 3589 692 3688; baseline -0.014 -23"><span class='ocrx_word' id='word_1_162' title='bbox 405 3589 518 3688; x_wconf 85' lang='lat' dir='ltr'>magis</span> <span class='ocrx_word' id='word_1_163' title='bbox 542 3607 692 3687; x_wconf 84' lang='lat' dir='ltr'>urgeret.</span> 
     </span>
    </p>

    <p class='ocr_par' dir='ltr' id='par_1_4' title="bbox 406 3707 1382 4047">
     <span class='ocr_line' id='line_1_27' title="bbox 453 3707 1380 3805; baseline -0.004 -22"><span class='ocrx_word' id='word_1_164' title='bbox 453 3712 646 3783; x_wconf 85' lang='lat' dir='ltr'><strong>LXXXV.</strong></span> <span class='ocrx_word' id='word_1_165' title='bbox 669 3711 819 3802; x_wconf 33' lang='lat' dir='ltr'>,Eoonm</span> <span class='ocrx_word' id='word_1_166' title='bbox 846 3730 940 3780; x_wconf 85' lang='lat' dir='ltr'>anno</span> <span class='ocrx_word' id='word_1_167' title='bbox 968 3707 1133 3805; x_wconf 86' lang='lat' dir='ltr'>gravibus</span> <span class='ocrx_word' id='word_1_168' title='bbox 1156 3707 1290 3782; x_wconf 79' lang='lat' dir='ltr'>senatlrs</span> <span class='ocrx_word' id='word_1_169' title='bbox 1319 3708 1380 3779; x_wconf 89' lang='lat' dir='ltr'>de-</span> 
     </span>
     <span class='ocr_line' id='line_1_28' title="bbox 406 3825 1382 3924; baseline -0.004 -22"><span class='ocrx_word' id='word_1_170' title='bbox 406 3827 506 3902; x_wconf 87' lang='lat' dir='ltr'>cretis</span> <span class='ocrx_word' id='word_1_171' title='bbox 522 3828 633 3899; x_wconf 92' lang='lat' dir='ltr'>libido</span> <span class='ocrx_word' id='word_1_172' title='bbox 648 3825 857 3900; x_wconf 91' lang='lat' dir='ltr'>seminarum</span> <span class='ocrx_word' id='word_1_173' title='bbox 874 3825 1040 3912; x_wconf 86' lang='lat' dir='ltr'>co&#39;e&#39;rcita&#39;;</span> <span class='ocrx_word' id='word_1_174' title='bbox 1064 3845 1274 3924; x_wconf 88' lang='lat' dir='ltr'>cautumque</span> <span class='ocrx_word' id='word_1_175' title='bbox 1297 3833 1324 3869; x_wconf 83' lang='lat'>‘⁶</span> <span class='ocrx_word' id='word_1_176' title='bbox 1338 3849 1382 3898; x_wconf 88' lang='lat' dir='ltr'>ne</span> 
     </span>
     <span class='ocr_line' id='line_1_29' title="bbox 408 3943 1382 4047; baseline -0.002 -27"><span class='ocrx_word' id='word_1_177' title='bbox 408 3953 437 3990; x_wconf 87' lang='lat'><strong>“</strong></span> <span class='ocrx_word' id='word_1_178' title='bbox 456 3945 628 4047; x_wconf 83' lang='lat' dir='ltr'>quaestutn</span> <span class='ocrx_word' id='word_1_179' title='bbox 654 3969 798 4046; x_wconf 88' lang='lat' dir='ltr'>corpore</span> <span class='ocrx_word' id='word_1_180' title='bbox 814 3945 954 4037; x_wconf 86' lang='lat' dir='ltr'>faceret,</span> <span class='ocrx_word' id='word_1_181' title='bbox 978 3943 1035 4021; x_wconf 86' lang='lat' dir='ltr'>cui</span> <span class='ocrx_word' id='word_1_182' title='bbox 1060 3971 1159 4038; x_wconf 89' lang='lat' dir='ltr'>avus,</span> <span class='ocrx_word' id='word_1_183' title='bbox 1182 3967 1241 4020; x_wconf 87' lang='lat' dir='ltr'>aut</span> <span class='ocrx_word' id='word_1_184' title='bbox 1268 3965 1382 4044; x_wconf 84' lang='lat' dir='ltr'>pater,</span> 
     </span>
    </p>
   </div>
   <div class='ocr_carea' id='block_1_3' title="bbox 0 0 1650 5284">
    <p class='ocr_par' dir='ltr' id='par_1_5' title="bbox 0 0 1650 5284">
     <span class='ocr_line' id='line_1_30' title="bbox 0 0 1650 5284; baseline 0 0"><span class='ocrx_word' id='word_1_185' title='bbox 0 0 1650 5284; x_wconf 95' lang='lat' dir='ltr'> </span> 
     </span>
    </p>
   </div>
  </div>
 </body>
</html>
