<?xml version="1.0" encoding="UTF-8"?>
<!DOCTYPE html PUBLIC "-//W3C//DTD XHTML 1.0 Transitional//EN"
    "http://www.w3.org/TR/xhtml1/DTD/xhtml1-transitional.dtd">
<html xmlns="http://www.w3.org/1999/xhtml" xml:lang="en" lang="en">
 <head>
  <title>
</title>
<meta http-equiv="Content-Type" content="text/html;charset=utf-8" />
  <meta name='ocr-system' content='tesseract 3.04.00' />
  <meta name='ocr-capabilities' content='ocr_page ocr_carea ocr_par ocr_line ocrx_word'/>
</head>
<body>
  <div class='ocr_page' id='page_1' title='image "./ccorneliitaciti04freigoog_0033.png"; bbox 0 0 3259 5284; ppageno 0'>
   <div class='ocr_carea' id='block_1_1' title="bbox 239 626 1283 3401">
    <p class='ocr_par' dir='ltr' id='par_1_1' title="bbox 239 626 1283 3401">
     <span class='ocr_line' id='line_1_1' title="bbox 1190 626 1253 703; baseline -0.032 0"><span class='ocrx_word' id='word_1_1' title='bbox 1190 626 1253 703; x_wconf 78' lang='lat' dir='ltr'><strong>trin</strong></span> 
     </span>
     <span class='ocr_line' id='line_1_2' title="bbox 269 792 1251 896; baseline 0.002 -23"><span class='ocrx_word' id='word_1_2' title='bbox 269 794 452 896; x_wconf 65' lang='lat' dir='ltr'><strong>questore,</strong></span> <span class='ocrx_word' id='word_1_3' title='bbox 482 796 613 873; x_wconf 80' lang='lat' dir='ltr'><strong>inuenti</strong></span> <span class='ocrx_word' id='word_1_4' title='bbox 637 792 716 872; x_wconf 90' lang='lat' dir='ltr'><strong>sunt</strong></span> <span class='ocrx_word' id='word_1_5' title='bbox 732 795 889 896; x_wconf 89' lang='lat' dir='ltr'><strong>quinque</strong></span> <span class='ocrx_word' id='word_1_6' title='bbox 905 794 1035 895; x_wconf 83' lang='lat' dir='ltr'>priores</span> <span class='ocrx_word' id='word_1_7' title='bbox 1059 801 1251 875; x_wconf 84' lang='lat' dir='ltr'><strong>Annalium</strong></span> 
     </span>
     <span class='ocr_line' id='line_1_3' title="bbox 265 916 1249 1017; baseline 0 -26"><span class='ocrx_word' id='word_1_8' title='bbox 265 916 362 1007; x_wconf 88' lang='lat' dir='ltr'>libri,</span> <span class='ocrx_word' id='word_1_9' title='bbox 389 942 479 1015; x_wconf 91' lang='lat' dir='ltr'><strong>quos</strong></span> <span class='ocrx_word' id='word_1_10' title='bbox 503 916 657 1015; x_wconf 75' lang='lat' dir='ltr'><strong>Lipsius,</strong></span> <span class='ocrx_word' id='word_1_11' title='bbox 685 917 817 1015; x_wconf 86' lang='lat' dir='ltr'><strong>aliique</strong></span> <span class='ocrx_word' id='word_1_12' title='bbox 835 919 952 1016; x_wconf 84' lang='lat' dir='ltr'><strong>postea</strong></span> <span class='ocrx_word' id='word_1_13' title='bbox 975 920 1112 993; x_wconf 89' lang='lat' dir='ltr'><strong>meliori</strong></span> <span class='ocrx_word' id='word_1_14' title='bbox 1142 919 1249 1017; x_wconf 85' lang='lat' dir='ltr'><strong>patti-</strong></span> 
     </span>
     <span class='ocr_line' id='line_1_4' title="bbox 264 1034 1249 1131; baseline 0.001 -22"><span class='ocrx_word' id='word_1_15' title='bbox 264 1036 362 1109; x_wconf 83' lang='lat' dir='ltr'><strong>tione</strong></span> <span class='ocrx_word' id='word_1_16' title='bbox 380 1034 440 1109; x_wconf 85' lang='lat' dir='ltr'><strong>sex</strong></span> <span class='ocrx_word' id='word_1_17' title='bbox 462 1060 701 1111; x_wconf 84' lang='lat' dir='ltr'>numeravere.</span> <span class='ocrx_word' id='word_1_18' title='bbox 751 1038 834 1111; x_wconf 89' lang='lat' dir='ltr'><strong>Hos</strong></span> <span class='ocrx_word' id='word_1_19' title='bbox 860 1038 941 1111; x_wconf 80' lang='lat' dir='ltr'><strong>cum</strong></span> <span class='ocrx_word' id='word_1_20' title='bbox 967 1038 1145 1131; x_wconf 81' lang='lat' dir='ltr'>Pontifex,</span> <span class='ocrx_word' id='word_1_21' title='bbox 1172 1039 1249 1111; x_wconf 89' lang='lat' dir='ltr'><strong>lite·</strong></span> 
     </span>
     <span class='ocr_line' id='line_1_5' title="bbox 265 1156 1250 1255; baseline 0.004 -26"><span class='ocrx_word' id='word_1_22' title='bbox 265 1180 380 1229; x_wconf 82' lang='lat' dir='ltr'><strong>mrum</strong></span> <span class='ocrx_word' id='word_1_23' title='bbox 407 1156 516 1230; x_wconf 87' lang='lat' dir='ltr'><strong>decus</strong></span> <span class='ocrx_word' id='word_1_24' title='bbox 545 1159 579 1229; x_wconf 75' lang='grc' dir='ltr'><strong>δι</strong></span> <span class='ocrx_word' id='word_1_25' title='bbox 607 1158 786 1247; x_wconf 87' lang='lat' dir='ltr'><strong>columen,</strong></span> <span class='ocrx_word' id='word_1_26' title='bbox 814 1180 945 1255; x_wconf 81' lang='lat' dir='ltr'><strong>magno</strong></span> <span class='ocrx_word' id='word_1_27' title='bbox 974 1156 1250 1255; x_wconf 85' lang='lat' dir='ltr'><strong>quingentorum</strong></span> 
     </span>
     <span class='ocr_line' id='line_1_6' title="bbox 266 1275 1251 1375; baseline 0.002 -26"><span class='ocrx_word' id='word_1_28' title='bbox 266 1298 453 1349; x_wconf 79' lang='lat' dir='ltr'><strong>aureorum</strong></span> <span class='ocrx_word' id='word_1_29' title='bbox 476 1298 706 1351; x_wconf 88' lang='lat' dir='ltr'><strong>nummorum</strong></span> <span class='ocrx_word' id='word_1_30' title='bbox 724 1276 834 1373; x_wconf 89' lang='lat' dir='ltr'><strong>pretio</strong></span> <span class='ocrx_word' id='word_1_31' title='bbox 862 1275 1070 1368; x_wconf 82' lang='lat' dir='ltr'><strong>redemillet‚</strong></span> <span class='ocrx_word' id='word_1_32' title='bbox 1100 1276 1251 1375; x_wconf 85' lang='lat' dir='ltr'><strong>diligen·</strong></span> 
     </span>
     <span class='ocr_line' id='line_1_7' title="bbox 267 1394 1252 1492; baseline 0 -25"><span class='ocrx_word' id='word_1_33' title='bbox 267 1413 388 1492; x_wconf 87' lang='lat' dir='ltr'><strong>terque</strong></span> <span class='ocrx_word' id='word_1_34' title='bbox 403 1394 600 1486; x_wconf 83' lang='lat' dir='ltr'><strong>evolviffet,</strong></span> <span class='ocrx_word' id='word_1_35' title='bbox 625 1420 750 1469; x_wconf 89' lang='lat' dir='ltr'><strong>eorum</strong></span> <span class='ocrx_word' id='word_1_36' title='bbox 767 1395 951 1469; x_wconf 67' lang='lat' dir='ltr'><strong>ledionem</strong></span> <span class='ocrx_word' id='word_1_37' title='bbox 968 1397 1164 1483; x_wconf 85' lang='lat' dir='ltr'><em>luculentam,</em></span> <span class='ocrx_word' id='word_1_38' title='bbox 1187 1420 1252 1467; x_wconf 83' lang='lat' dir='ltr'><strong>va-</strong></span> 
     </span>
     <span class='ocr_line' id='line_1_8' title="bbox 266 1516 1250 1613; baseline 0 -28"><span class='ocrx_word' id='word_1_39' title='bbox 266 1518 360 1600; x_wconf 83' lang='lat' dir='ltr'><strong>riam,</strong></span> <span class='ocrx_word' id='word_1_40' title='bbox 375 1516 497 1603; x_wconf 83' lang='lat' dir='ltr'><strong>utilem,</strong></span> <span class='ocrx_word' id='word_1_41' title='bbox 508 1516 692 1613; x_wconf 81' lang='lat' dir='ltr'><strong>dignamque</strong></span> <span class='ocrx_word' id='word_1_42' title='bbox 699 1519 781 1587; x_wconf 81' lang='lat' dir='ltr'><strong>omni</strong></span> <span class='ocrx_word' id='word_1_43' title='bbox 793 1516 920 1587; x_wconf 84' lang='lat' dir='ltr'><strong>liberali</strong></span> <span class='ocrx_word' id='word_1_44' title='bbox 930 1516 1071 1610; x_wconf 86' lang='lat' dir='ltr'><strong>ingenio¹</strong></span> <span class='ocrx_word' id='word_1_45' title='bbox 1094 1538 1250 1609; x_wconf 89' lang='lat' dir='ltr'><strong>pronun·</strong></span> 
     </span>
     <span class='ocr_line' id='line_1_9' title="bbox 266 1628 1251 1731; baseline 0.001 -25"><span class='ocrx_word' id='word_1_46' title='bbox 266 1632 391 1719; x_wconf 81' lang='lat' dir='ltr'><strong>tiavit3</strong></span> <span class='ocrx_word' id='word_1_47' title='bbox 425 1633 608 1731; x_wconf 82' lang='lat' dir='ltr'><strong>voluitque</strong></span> <span class='ocrx_word' id='word_1_48' title='bbox 635 1653 675 1706; x_wconf 93' lang='lat' dir='ltr'><strong>ut</strong></span> <span class='ocrx_word' id='word_1_49' title='bbox 698 1628 833 1731; x_wconf 74' lang='lat' dir='ltr'><strong>quanti&gt;</strong></span> <span class='ocrx_word' id='word_1_50' title='bbox 863 1632 965 1705; x_wconf 75' lang='lat' dir='ltr'><strong>citius</strong></span> <span class='ocrx_word' id='word_1_51' title='bbox 989 1630 1065 1705; x_wconf 89' lang='lat' dir='ltr'><strong>fieri</strong></span> <span class='ocrx_word' id='word_1_52' title='bbox 1093 1634 1251 1729; x_wconf 80' lang='lat' dir='ltr'><strong>polleta</strong></span> 
     </span>
     <span class='ocr_line' id='line_1_10' title="bbox 267 1748 1251 1827; baseline 0.003 -3"><span class='ocrx_word' id='word_1_53' title='bbox 267 1754 333 1824; x_wconf 84' lang='lat' dir='ltr'><strong>fitu</strong></span> <span class='ocrx_word' id='word_1_54' title='bbox 350 1756 384 1826; x_wconf 76' lang='grc' dir='ltr'><strong>δι</strong></span> <span class='ocrx_word' id='word_1_55' title='bbox 396 1752 575 1827; x_wconf 88' lang='lat' dir='ltr'><strong>oblivione</strong></span> <span class='ocrx_word' id='word_1_56' title='bbox 591 1748 629 1825; x_wconf 91' lang='lat' dir='ltr'><strong>in</strong></span> <span class='ocrx_word' id='word_1_57' title='bbox 646 1754 760 1827; x_wconf 89' lang='lat' dir='ltr'><strong>lucem</strong></span> <span class='ocrx_word' id='word_1_58' title='bbox 786 1752 824 1823; x_wconf 75' lang='grc' dir='ltr'><strong>δι</strong></span> <span class='ocrx_word' id='word_1_59' title='bbox 842 1752 1048 1825; x_wconf 81' lang='lat' dir='ltr'>memoriam</span> <span class='ocrx_word' id='word_1_60' title='bbox 1064 1750 1251 1827; x_wconf 91' lang='lat' dir='ltr'><strong>hominum</strong></span> 
     </span>
     <span class='ocr_line' id='line_1_11' title="bbox 266 1869 1247 1968; baseline 0 -25"><span class='ocrx_word' id='word_1_61' title='bbox 266 1869 536 1945; x_wconf 83' lang='lat' dir='ltr'><strong>vindicarentur.</strong></span> <span class='ocrx_word' id='word_1_62' title='bbox 566 1872 608 1945; x_wconf 95' lang='lat' dir='ltr'><strong>ld</strong></span> <span class='ocrx_word' id='word_1_63' title='bbox 625 1896 717 1944; x_wconf 85' lang='lat' dir='ltr'><strong>curae</strong></span> <span class='ocrx_word' id='word_1_64' title='bbox 732 1872 983 1945; x_wconf 81' lang='lat' dir='ltr'><strong>demandatum</strong></span> <span class='ocrx_word' id='word_1_65' title='bbox 995 1870 1161 1968; x_wconf 89' lang='lat' dir='ltr'><strong>Philippo</strong></span> <span class='ocrx_word' id='word_1_66' title='bbox 1177 1871 1247 1945; x_wconf 82' lang='lat' dir='ltr'><strong>Bn-</strong></span> 
     </span>
     <span class='ocr_line' id='line_1_12' title="bbox 269 1987 1245 2089; baseline 0.001 -28"><span class='ocrx_word' id='word_1_67' title='bbox 269 2013 444 2080; x_wconf 65' lang='lat' dir='ltr'><strong>nonnum</strong></span> <span class='ocrx_word' id='word_1_68' title='bbox 464 1987 612 2089; x_wconf 83' lang='lat' dir='ltr'><strong>juniori,</strong></span> <span class='ocrx_word' id='word_1_69' title='bbox 630 1989 834 2064; x_wconf 83' lang='lat' dir='ltr'><strong>Academiae</strong></span> <span class='ocrx_word' id='word_1_70' title='bbox 852 1993 1025 2064; x_wconf 82' lang='lat' dir='ltr'><strong>Romanae</strong></span> <span class='ocrx_word' id='word_1_71' title='bbox 1042 1993 1245 2087; x_wconf 80' lang='lat' dir='ltr'><strong>praepofito:</strong></span> 
     </span>
     <span class='ocr_line' id='line_1_13' title="bbox 267 2107 1248 2207; baseline -0.001 -25"><span class='ocrx_word' id='word_1_72' title='bbox 267 2108 297 2182; x_wconf 82' lang='lat' dir='ltr'><strong>is</strong></span> <span class='ocrx_word' id='word_1_73' title='bbox 321 2109 531 2207; x_wconf 87' lang='lat' dir='ltr'><strong>imperatum</strong></span> <span class='ocrx_word' id='word_1_74' title='bbox 558 2134 648 2206; x_wconf 87' lang='lat' dir='ltr'><strong>opus</strong></span> <span class='ocrx_word' id='word_1_75' title='bbox 665 2134 730 2205; x_wconf 92' lang='lat' dir='ltr'><strong>pro</strong></span> <span class='ocrx_word' id='word_1_76' title='bbox 754 2107 935 2183; x_wconf 78' lang='lat' dir='ltr'><strong>Pontificio</strong></span> <span class='ocrx_word' id='word_1_77' title='bbox 954 2109 1157 2183; x_wconf 71' lang='lat' dir='ltr'><strong>audoritate</strong></span> <span class='ocrx_word' id='word_1_78' title='bbox 1172 2108 1248 2183; x_wconf 72' lang='lat' dir='ltr'><strong>sui·</strong></span> 
     </span>
     <span class='ocr_line' id='line_1_14' title="bbox 267 2226 1248 2326; baseline 0 -25"><span class='ocrx_word' id='word_1_79' title='bbox 267 2252 338 2325; x_wconf 90' lang='lat' dir='ltr'><strong>que</strong></span> <span class='ocrx_word' id='word_1_80' title='bbox 361 2228 521 2303; x_wconf 67' lang='lat' dir='ltr'><strong>dodrini</strong></span> <span class='ocrx_word' id='word_1_81' title='bbox 547 2228 642 2301; x_wconf 79' lang='lat' dir='ltr'><strong>haud</strong></span> <span class='ocrx_word' id='word_1_82' title='bbox 675 2226 894 2325; x_wconf 83' lang='lat' dir='ltr'><strong>indiligenter</strong></span> <span class='ocrx_word' id='word_1_83' title='bbox 921 2228 1098 2326; x_wconf 81' lang='lat' dir='ltr'><strong>ptaestitit3</strong></span> <span class='ocrx_word' id='word_1_84' title='bbox 1124 2227 1248 2301; x_wconf 85' lang='lat' dir='ltr'><strong>inven-</strong></span> 
     </span>
     <span class='ocr_line' id='line_1_15' title="bbox 266 2344 1249 2444; baseline 0.004 -25"><span class='ocrx_word' id='word_1_85' title='bbox 266 2345 387 2444; x_wconf 85' lang='lat' dir='ltr'><strong>tosque</strong></span> <span class='ocrx_word' id='word_1_86' title='bbox 411 2347 518 2421; x_wconf 87' lang='lat' dir='ltr'><strong>libros</strong></span> <span class='ocrx_word' id='word_1_87' title='bbox 534 2372 580 2419; x_wconf 86' lang='lat' dir='ltr'><strong>ex</strong></span> <span class='ocrx_word' id='word_1_88' title='bbox 603 2371 710 2419; x_wconf 84' lang='lat' dir='ltr'><strong>manu</strong></span> <span class='ocrx_word' id='word_1_89' title='bbox 738 2344 866 2442; x_wconf 89' lang='lat' dir='ltr'><strong>scripto</strong></span> <span class='ocrx_word' id='word_1_90' title='bbox 883 2347 1017 2437; x_wconf 86' lang='lat' dir='ltr'><strong>codice,</strong></span> <span class='ocrx_word' id='word_1_91' title='bbox 1044 2346 1105 2444; x_wconf 91' lang='lat' dir='ltr'><strong>qui</strong></span> <span class='ocrx_word' id='word_1_92' title='bbox 1129 2347 1249 2444; x_wconf 81' lang='lat' dir='ltr'><strong>postea</strong></span> 
     </span>
     <span class='ocr_line' id='line_1_16' title="bbox 264 2464 1246 2557; baseline 0 -18"><span class='ocrx_word' id='word_1_93' title='bbox 264 2465 477 2539; x_wconf 87' lang='lat' dir='ltr'><strong>Florentinae</strong></span> <span class='ocrx_word' id='word_1_94' title='bbox 500 2464 747 2539; x_wconf 87' lang='lat' dir='ltr'><strong>Mediceorum</strong></span> <span class='ocrx_word' id='word_1_95' title='bbox 776 2464 995 2539; x_wconf 70' lang='lat' dir='ltr'><strong>bibliothece</strong></span> <span class='ocrx_word' id='word_1_96' title='bbox 1024 2464 1088 2539; x_wconf 88' lang='lat' dir='ltr'><strong>fuit</strong></span> <span class='ocrx_word' id='word_1_97' title='bbox 1116 2465 1246 2557; x_wconf 83' lang='lat' dir='ltr'><strong>illatus,</strong></span> 
     </span>
     <span class='ocr_line' id='line_1_17' title="bbox 264 2584 1246 2658; baseline -0.001 0"><span class='ocrx_word' id='word_1_98' title='bbox 264 2603 397 2658; x_wconf 86' lang='lat' dir='ltr'><strong>ceteros</strong></span> <span class='ocrx_word' id='word_1_99' title='bbox 414 2610 460 2657; x_wconf 85' lang='lat' dir='ltr'><strong>ex</strong></span> <span class='ocrx_word' id='word_1_100' title='bbox 483 2584 665 2657; x_wconf 80' lang='lat' dir='ltr'><strong>Puteolani</strong></span> <span class='ocrx_word' id='word_1_101' title='bbox 681 2587 875 2657; x_wconf 87' lang='lat' dir='ltr'><strong>recenlione</strong></span> <span class='ocrx_word' id='word_1_102' title='bbox 891 2584 1000 2657; x_wconf 90' lang='lat' dir='ltr'><strong>edidit</strong></span> <span class='ocrx_word' id='word_1_103' title='bbox 1022 2588 1149 2657; x_wconf 85' lang='lat' dir='ltr'><strong>Romae</strong></span> <span class='ocrx_word' id='word_1_104' title='bbox 1166 2585 1246 2657; x_wconf 89' lang='lat' dir='ltr'><strong>Kal.</strong></span> 
     </span>
     <span class='ocr_line' id='line_1_18' title="bbox 265 2702 1248 2799; baseline -0.003 -21"><span class='ocrx_word' id='word_1_105' title='bbox 265 2704 386 2778; x_wconf 84' lang='lat' dir='ltr'><strong>Martii</strong></span> <span class='ocrx_word' id='word_1_106' title='bbox 402 2728 497 2776; x_wconf 86' lang='lat' dir='ltr'><strong>anno</strong></span> <span class='ocrx_word' id='word_1_107' title='bbox 510 2728 624 2777; x_wconf 80' lang='lat' dir='ltr'><strong>truxv</strong></span> <span class='ocrx_word' id='word_1_108' title='bbox 638 2722 667 2775; x_wconf 83' lang='lat'><strong>².</strong></span> <span class='ocrx_word' id='word_1_109' title='bbox 707 2704 749 2775; x_wconf 93' lang='lat' dir='ltr'><strong>ln</strong></span> <span class='ocrx_word' id='word_1_110' title='bbox 762 2702 842 2776; x_wconf 92' lang='lat' dir='ltr'><strong>libri</strong></span> <span class='ocrx_word' id='word_1_111' title='bbox 858 2704 942 2791; x_wconf 89' lang='lat' dir='ltr'><strong>fine,</strong></span> <span class='ocrx_word' id='word_1_112' title='bbox 962 2702 1052 2777; x_wconf 80' lang='lat' dir='ltr'><strong>infra</strong></span> <span class='ocrx_word' id='word_1_113' title='bbox 1076 2702 1248 2799; x_wconf 80' lang='lat' dir='ltr'><strong>gentilitia</strong></span> 
     </span>
     <span class='ocr_line' id='line_1_19' title="bbox 239 2814 1247 2920; baseline -0.006 -21"><span class='ocrx_word' id='word_1_114' title='bbox 239 2814 244 2824; x_wconf 49' lang='lat'>⁴</span> <span class='ocrx_word' id='word_1_115' title='bbox 265 2821 397 2899; x_wconf 80' lang='lat' dir='ltr'><strong>Leonis</strong></span> <span class='ocrx_word' id='word_1_116' title='bbox 411 2825 447 2895; x_wconf 88' lang='lat' dir='ltr'>X</span> <span class='ocrx_word' id='word_1_117' title='bbox 464 2820 623 2920; x_wconf 84' lang='lat' dir='ltr'><strong>infignia,</strong></span> <span class='ocrx_word' id='word_1_118' title='bbox 645 2818 834 2917; x_wconf 66' lang='lat' dir='ltr'><strong>adjellum,</strong></span> <span class='ocrx_word' id='word_1_119' title='bbox 863 2822 960 2918; x_wconf 92' lang='lat' dir='ltr'><strong>quod</strong></span> <span class='ocrx_word' id='word_1_120' title='bbox 978 2822 1133 2893; x_wconf 83' lang='lat' dir='ltr'><strong>maximo</strong></span> <span class='ocrx_word' id='word_1_121' title='bbox 1147 2820 1247 2893; x_wconf 87' lang='lat' dir='ltr'><strong>Prin-</strong></span> 
     </span>
     <span class='ocr_line' id='line_1_20' title="bbox 266 2922 1283 3039; baseline -0.002 -24"><span class='ocrx_word' id='word_1_122' title='bbox 266 2942 344 3039; x_wconf 89' lang='lat' dir='ltr'><strong>cipe</strong></span> <span class='ocrx_word' id='word_1_123' title='bbox 366 2941 596 3016; x_wconf 85' lang='lat' dir='ltr'><strong>&amp;literarum</strong></span> <span class='ocrx_word' id='word_1_124' title='bbox 622 2958 815 3037; x_wconf 82' lang='lat' dir='ltr'><strong>reparatore</strong></span> <span class='ocrx_word' id='word_1_125' title='bbox 838 2938 1013 3037; x_wconf 86' lang='lat' dir='ltr'><strong>dignum:</strong></span> <span class='ocrx_word' id='word_1_126' title='bbox 1043 2947 1069 2982; x_wconf 79' lang='lat'><strong>‘⁶</strong></span> <span class='ocrx_word' id='word_1_127' title='bbox 1088 2940 1245 3013; x_wconf 91' lang='lat' dir='ltr'><strong>Nomine</strong></span> <span class='ocrx_word' id='word_1_128' title='bbox 1280 2922 1283 2933; x_wconf 41' lang='lat'><em>¹</em></span> 
     </span>
     <span class='ocr_line' id='line_1_21' title="bbox 267 3056 1246 3155; baseline -0.001 -21"><span class='ocrx_word' id='word_1_129' title='bbox 267 3069 296 3125; x_wconf 86' lang='lat'><strong>.“</strong></span> <span class='ocrx_word' id='word_1_130' title='bbox 315 3060 448 3135; x_wconf 80' lang='lat' dir='ltr'><strong>Leonis</strong></span> <span class='ocrx_word' id='word_1_131' title='bbox 472 3061 509 3133; x_wconf 89' lang='lat' dir='ltr'>X</span> <span class='ocrx_word' id='word_1_132' title='bbox 534 3062 636 3133; x_wconf 90' lang='lat' dir='ltr'><strong>Pont.</strong></span> <span class='ocrx_word' id='word_1_133' title='bbox 665 3062 769 3133; x_wconf 84' lang='lat' dir='ltr'><strong>Max.</strong></span> <span class='ocrx_word' id='word_1_134' title='bbox 796 3060 972 3155; x_wconf 84' lang='lat' dir='ltr'><strong>propofita</strong></span> <span class='ocrx_word' id='word_1_135' title='bbox 996 3056 1072 3131; x_wconf 88' lang='lat' dir='ltr'><strong>sunt</strong></span> <span class='ocrx_word' id='word_1_136' title='bbox 1102 3057 1246 3155; x_wconf 80' lang='lat' dir='ltr'><strong>praemia</strong></span> 
     </span>
     <span class='ocr_line' id='line_1_22' title="bbox 267 3176 1246 3275; baseline 0 -22"><span class='ocrx_word' id='word_1_137' title='bbox 267 3189 295 3240; x_wconf 75' lang='lat'><strong>·“</strong></span> <span class='ocrx_word' id='word_1_138' title='bbox 312 3206 383 3253; x_wconf 92' lang='lat' dir='ltr'><strong>non</strong></span> <span class='ocrx_word' id='word_1_139' title='bbox 400 3177 587 3253; x_wconf 81' lang='lat' dir='ltr'><strong>mediocria</strong></span> <span class='ocrx_word' id='word_1_140' title='bbox 598 3177 650 3251; x_wconf 87' lang='lat' dir='ltr'><strong>his</strong></span> <span class='ocrx_word' id='word_1_141' title='bbox 661 3176 722 3275; x_wconf 91' lang='lat' dir='ltr'><strong>qui</strong></span> <span class='ocrx_word' id='word_1_142' title='bbox 734 3178 780 3251; x_wconf 78' lang='lat' dir='ltr'><strong>ad</strong></span> <span class='ocrx_word' id='word_1_143' title='bbox 797 3202 879 3251; x_wconf 89' lang='lat' dir='ltr'><strong>eum</strong></span> <span class='ocrx_word' id='word_1_144' title='bbox 896 3176 1001 3251; x_wconf 87' lang='lat' dir='ltr'><strong>libros</strong></span> <span class='ocrx_word' id='word_1_145' title='bbox 1013 3196 1160 3269; x_wconf 85' lang='lat' dir='ltr'><strong>veteres,</strong></span> <span class='ocrx_word' id='word_1_146' title='bbox 1184 3202 1246 3253; x_wconf 86' lang='lat' dir='ltr'><strong>ne·</strong></span> 
     </span>
     <span class='ocr_line' id='line_1_23' title="bbox 268 3295 919 3401; baseline -0.008 -27"><span class='ocrx_word' id='word_1_147' title='bbox 268 3309 296 3345; x_wconf 89' lang='lat'><strong>“</strong></span> <span class='ocrx_word' id='word_1_148' title='bbox 314 3326 384 3401; x_wconf 91' lang='lat' dir='ltr'><strong>que</strong></span> <span class='ocrx_word' id='word_1_149' title='bbox 400 3300 564 3373; x_wconf 68' lang='lat' dir='ltr'><strong>hallenus</strong></span> <span class='ocrx_word' id='word_1_150' title='bbox 579 3296 690 3371; x_wconf 87' lang='lat' dir='ltr'><strong>editos</strong></span> <span class='ocrx_word' id='word_1_151' title='bbox 705 3295 919 3371; x_wconf 83' lang='lat' dir='ltr'><strong>attulerint.&#39;&#39;</strong></span> 
     </span>
    </p>
   </div>
   <div class='ocr_carea' id='block_1_2' title="bbox 216 3532 1241 4095">
    <p class='ocr_par' dir='ltr' id='par_1_2' title="bbox 219 3532 1238 3699">
     <span class='ocr_line' id='line_1_24' title="bbox 312 3532 1238 3613; baseline -0.001 -17"><span class='ocrx_word' id='word_1_152' title='bbox 312 3544 323 3573; x_wconf 82' lang='lat'><em>²</em></span> <span class='ocrx_word' id='word_1_153' title='bbox 345 3538 388 3597; x_wconf 85' lang='lat' dir='ltr'><strong>Ex</strong></span> <span class='ocrx_word' id='word_1_154' title='bbox 399 3537 488 3598; x_wconf 70' lang='lat' dir='ltr'><strong>literis</strong></span> <span class='ocrx_word' id='word_1_155' title='bbox 500 3535 603 3597; x_wconf 72' lang='lat' dir='ltr'><strong>Leonis</strong></span> <span class='ocrx_word' id='word_1_156' title='bbox 620 3534 702 3613; x_wconf 82' lang='lat' dir='ltr'><strong>Papae</strong></span> <span class='ocrx_word' id='word_1_157' title='bbox 715 3534 756 3605; x_wconf 82' lang='lat' dir='ltr'><strong>X,</strong></span> <span class='ocrx_word' id='word_1_158' title='bbox 775 3552 838 3613; x_wconf 75' lang='lat' dir='ltr'><strong>qoae</strong></span> <span class='ocrx_word' id='word_1_159' title='bbox 859 3534 962 3593; x_wconf 76' lang='lat' dir='ltr'><strong>exstant</strong></span> <span class='ocrx_word' id='word_1_160' title='bbox 975 3532 1005 3593; x_wconf 90' lang='lat' dir='ltr'><strong>in</strong></span> <span class='ocrx_word' id='word_1_161' title='bbox 1016 3534 1092 3595; x_wconf 83' lang='lat' dir='ltr'><strong>calce</strong></span> <span class='ocrx_word' id='word_1_162' title='bbox 1104 3533 1238 3595; x_wconf 73' lang='lat' dir='ltr'><strong>editioni·</strong></span> 
     </span>
     <span class='ocr_line' id='line_1_25' title="bbox 219 3638 1132 3699; baseline 0 -1"><span class='ocrx_word' id='word_1_163' title='bbox 219 3658 225 3671; x_wconf 88' lang='lat'>·</span> <span class='ocrx_word' id='word_1_164' title='bbox 267 3638 455 3699; x_wconf 73' lang='lat' dir='ltr'><strong>Beroaldinae.</strong></span> <span class='ocrx_word' id='word_1_165' title='bbox 1128 3672 1132 3683; x_wconf 92' lang='lat'>·</span> 
     </span>
    </p>

    <p class='ocr_par' dir='ltr' id='par_1_3' title="bbox 216 3732 1241 4095">
     <span class='ocr_line' id='line_1_26' title="bbox 305 3732 1237 3815; baseline 0 -19"><span class='ocrx_word' id='word_1_166' title='bbox 305 3738 385 3797; x_wconf 77' lang='lat'><strong>²01.</strong></span> <span class='ocrx_word' id='word_1_167' title='bbox 408 3735 565 3807; x_wconf 79' lang='lat' dir='ltr'><strong>Mnitmire,</strong></span> <span class='ocrx_word' id='word_1_168' title='bbox 586 3735 657 3795; x_wconf 84' lang='lat' dir='ltr'><strong>Ann.</strong></span> <span class='ocrx_word' id='word_1_169' title='bbox 679 3732 842 3811; x_wconf 54' lang='lat' dir='ltr'><strong>lypograpb.</strong></span> <span class='ocrx_word' id='word_1_170' title='bbox 875 3732 961 3793; x_wconf 89' lang='lat' dir='ltr'><strong>Tom.</strong></span> <span class='ocrx_word' id='word_1_171' title='bbox 975 3733 1013 3793; x_wconf 91' lang='lat' dir='ltr'><strong>V.</strong></span> <span class='ocrx_word' id='word_1_172' title='bbox 1037 3748 1108 3813; x_wconf 80' lang='lat' dir='ltr'><strong>part.</strong></span> <span class='ocrx_word' id='word_1_173' title='bbox 1124 3754 1151 3795; x_wconf 89' lang='lat'><strong>2.</strong></span> <span class='ocrx_word' id='word_1_174' title='bbox 1174 3754 1237 3815; x_wconf 80' lang='lat' dir='ltr'><strong>pag.</strong></span> 
     </span>
     <span class='ocr_line' id='line_1_27' title="bbox 266 3832 1241 3915; baseline -0.004 -18"><span class='ocrx_word' id='word_1_175' title='bbox 266 3856 302 3915; x_wconf 82' lang='lat'><strong>²7</strong></span> <span class='ocrx_word' id='word_1_176' title='bbox 306 3857 336 3913; x_wconf 85' lang='lat'><strong>3,</strong></span> <span class='ocrx_word' id='word_1_177' title='bbox 353 3836 505 3895; x_wconf 82' lang='lat' dir='ltr'><strong>editionem</strong></span> <span class='ocrx_word' id='word_1_178' title='bbox 519 3836 672 3894; x_wconf 77' lang='lat' dir='ltr'><strong>Romanam</strong></span> <span class='ocrx_word' id='word_1_179' title='bbox 686 3832 749 3893; x_wconf 82' lang='lat' dir='ltr'><strong>anui</strong></span> <span class='ocrx_word' id='word_1_180' title='bbox 767 3851 843 3908; x_wconf 82' lang='lat'><em>¹5¹4</em></span> <span class='ocrx_word' id='word_1_181' title='bbox 861 3848 1002 3893; x_wconf 81' lang='lat' dir='ltr'><strong>memorat.</strong></span> <span class='ocrx_word' id='word_1_182' title='bbox 1036 3834 1146 3912; x_wconf 86' lang='lat' dir='ltr'><strong>Nempe</strong></span> <span class='ocrx_word' id='word_1_183' title='bbox 1157 3833 1241 3914; x_wconf 89' lang='lat' dir='ltr'><strong>scrip-</strong></span> 
     </span>
     <span class='ocr_line' id='line_1_28' title="bbox 216 3931 1240 4015; baseline -0.002 -19"><span class='ocrx_word' id='word_1_184' title='bbox 216 3978 222 3985; x_wconf 84' lang='lat'>.</span> <span class='ocrx_word' id='word_1_185' title='bbox 267 3951 313 3996; x_wconf 89' lang='lat' dir='ltr'><strong>tor</strong></span> <span class='ocrx_word' id='word_1_186' title='bbox 324 3935 373 3996; x_wconf 89' lang='lat' dir='ltr'><strong>ille</strong></span> <span class='ocrx_word' id='word_1_187' title='bbox 393 3934 581 4015; x_wconf 78' lang='lat' dir='ltr'><strong>privilegium,</strong></span> <span class='ocrx_word' id='word_1_188' title='bbox 600 3953 617 3991; x_wconf 84' lang='lat' dir='ltr'>a</span> <span class='ocrx_word' id='word_1_189' title='bbox 637 3933 729 3993; x_wconf 73' lang='lat' dir='ltr'><strong>leone</strong></span> <span class='ocrx_word' id='word_1_190' title='bbox 746 3932 776 3991; x_wconf 89' lang='lat' dir='ltr'>X</span> <span class='ocrx_word' id='word_1_191' title='bbox 789 3931 886 3993; x_wconf 83' lang='lat' dir='ltr'><strong>datum</strong></span> <span class='ocrx_word' id='word_1_192' title='bbox 904 3952 976 3993; x_wconf 75' lang='lat' dir='ltr'><strong>anno</strong></span> <span class='ocrx_word' id='word_1_193' title='bbox 998 3952 1083 4013; x_wconf 78' lang='lat'>1514,</span> <span class='ocrx_word' id='word_1_194' title='bbox 1101 3932 1132 3994; x_wconf 90' lang='lat' dir='ltr'><strong>in</strong></span> <span class='ocrx_word' id='word_1_195' title='bbox 1145 3933 1240 3994; x_wconf 78' lang='lat' dir='ltr'><strong>&#39;l&#39;aciri</strong></span> 
     </span>
     <span class='ocr_line' id='line_1_29' title="bbox 266 4032 645 4095; baseline -0.003 -2"><span class='ocrx_word' id='word_1_196' title='bbox 266 4034 418 4095; x_wconf 78' lang='lat' dir='ltr'><strong>editionem</strong></span> <span class='ocrx_word' id='word_1_197' title='bbox 433 4032 645 4094; x_wconf 82' lang='lat' dir='ltr'><strong>transformavit.</strong></span> 
     </span>
    </p>
   </div>
   <div class='ocr_carea' id='block_1_3' title="bbox 729 4093 927 4226">
    <p class='ocr_par' dir='ltr' id='par_1_4' title="bbox 729 4093 927 4226">
     <span class='ocr_line' id='line_1_30' title="bbox 729 4093 927 4226; baseline -0.01 0"><span class='ocrx_word' id='word_1_198' title='bbox 729 4093 927 4226; x_wconf 26' lang='lat' dir='ltr'><strong>bn.</strong></span> 
     </span>
    </p>
   </div>
   <div class='ocr_carea' id='block_1_4' title="bbox 0 0 1634 5284">
    <p class='ocr_par' dir='ltr' id='par_1_5' title="bbox 0 0 1634 5284">
     <span class='ocr_line' id='line_1_31' title="bbox 0 0 1634 5284; baseline 0 0"><span class='ocrx_word' id='word_1_199' title='bbox 0 0 1634 5284; x_wconf 95' lang='lat' dir='ltr'><strong> </strong></span> 
     </span>
    </p>
   </div>
  </div>
 </body>
</html>
