3259 5284
494 562 807 632 Auunnrunr
832 561 947 633 Lrn.
973 556 1035 634 IV.
1184 579 1252 661 207

278 735 328 809 li:
357 734 416 809 sed
441 758 514 807 non
540 734 713 809 omiserim
741 737 946 809 eorumdem
970 756 1170 833 temporum
1195 762 1254 811 ru-

278 880 432 947 morem,
471 855 630 929 validum
671 852 774 947 adeo,
802 875 843 929 nt
872 858 1032 929 nondum
1078 855 1257 931 exolescat.

280 982 309 1018 “
327 976 496 1077 Corrupto
513 977 557 1049 ad
573 975 680 1049 scelus
696 976 814 1067 Livia,
832 975 994 1075 Sejanum
1020 976 1141 1074 Lygdi
1166 1002 1254 1073 quo·
1366 1000 1369 1007 ’

279 1102 308 1138 “
326 1119 395 1193 que
411 1092 572 1192 spadonis
588 1095 746 1169 animum
764 1096 885 1194 stupro
901 1094 1073 1169 vinxiffe:
1105 1094 1201 1195 quod
1226 1096 1254 1169 is

280 1206 309 1257 ‘²
326 1215 477 1313 Lygdus
493 1235 593 1289 aetate
620 1236 726 1314 atque
753 1215 867 1289 form&
895 1240 991 1288 carus
1019 1214 1179 1306 domino,
1203 1216 1255 1289 in-

279 1340 447 1433 “terque
475 1334 644 1432 primores
670 1335 845 1409 ministros
878 1356 970 1409 erat:
997 1334 1138 1425 deinde,
1165 1335 1255 1410 inter

279 1461 308 1505 “
326 1452 479 1529 conscios
495 1456 556 1528 ubi
573 1458 672 1529 locus
689 1454 850 1528 veneficii
873 1451 1078 1552 tempusque
1106 1480 1253 1553 compo-

278 1579 385 1650 “fita
413 1579 489 1668 fint,
513 1574 556 1649 eo
584 1574 737 1669 audpciae
764 1576 986 1671 proveetum,
1015 1593 1054 1647 ut
1083 1594 1252 1663 verteret3

279 1702 307 1738 “
326 1700 360 1768 δι
377 1695 518 1769 occulto
532 1694 663 1772 indicio
679 1692 832 1768 Drusum
850 1694 975 1767 veneni
991 1694 1027 1767 in
1046 1714 1178 1792 patrem
1200 1723 1253 1770 ar·

280 1820 311 1855 ‘⁶
327 1839 451 1910 guens,
470 1834 628 1886 moneret
641 1812 844 1903 Tiberium,
863 1814 1042 1889 vitandam
1061 1816 1254 1912 potionem,

279 1940 308 1976 “
327 1960 405 2031 quae
422 1932 536 2030 prima
557 1932 602 2023 ei,
627 1935 723 2031 apud
739 1933 853 2007 filium
871 1935 1037 2032 epulanti,
1063 1937 1254 2013 offerretur.

278 2060 307 2111 ‘-‘
328 2054 381 2127 Et
415 2052 537 2127 fraude
570 2073 648 2126 tum
674 2052 803 2144 senem,
843 2053 1025 2152 postquam
1052 2056 1254 2133 convivium

278 2179 306 2215 “
322 2173 460 2264 inierat,
498 2193 688 2271 exceptum
720 2175 887 2272 poculum
913 2173 1027 2248 Druso
1056 2176 1252 2265 tradidiffe3

279 2299 307 2336 “
324 2314 430 2391 atque
445 2294 507 2367 illo
522 2293 661 2393 ignaro,
678 2298 713 2367 δι
734 2292 936 2392 juveniliter
951 2295 1143 2387 hauriente,
1172 2325 1254 2372 auc·

278 2422 396 2488 “tam
422 2412 665 2513 suspicionem,
704 2434 884 2512 tamquam
913 2435 1010 2488 metu
1041 2420 1074 2489 u
1102 2417 1251 2513 pudore,

278 2534 461 2609 “sibimet
490 2534 667 2633 inrogaret
695 2554 859 2625 mortem,
887 2561 995 2632 quam
1022 2536 1109 2633 patri
1141 2536 1252 2611 strux-

278 2660 307 2697 “
325 2656 431 2727 erat.''

325 2775 391 2847 XI.
418 2774 518 2847 Hinc
545 2771 656 2872 vulgo
667 2770 807 2869 justam,
830 2772 930 2871 super
956 2774 1008 2863 id,
1036 2774 1132 2871 qnod
1154 2778 1254 2849 nullo

275 2896 415 2968 auctore
433 2913 527 2966 certo
544 2896 741 2983 firmantur,
756 2894 918 2991 prompte
932 2893 1142 2968 refutaveris.
1165 2896 1253 2993 Qus

275 3012 372 3087 enim
389 3012 558 3086 mediocri
575 3013 771 3110 prudentii,
794 3014 928 3086 nedum
950 3014 1125 3103 Tiberius,
1149 3015 1252 3089 tantis

164 3114 167 3128 ”
275 3136 379 3208 rebus
407 3134 592 3225 exercitus,
622 3132 782 3205 inaudito
811 3132 886 3206 filio
915 3134 1062 3207 exitium
1101 3135 1250 3225 offerret,

273 3254 381 3354 idque
396 3251 455 3328 sut
471 3280 593 3347 manu,
606 3259 640 3327 δι
657 3254 756 3326 nullo
771 3255 817 3326 ad
831 3254 1069 3351 paenitendum
1083 3256 1248 3352 regreffu?

274 3375 373 3473 Qtin
394 3374 511 3473 potius
528 3373 726 3449 ministrum
743 3374 868 3447 veneni
885 3373 1112 3463 excruciaret,
1133 3376 1250 3448 autio-

274 3520 350 3568 rem
378 3496 599 3594 exquireret3
634 3492 731 3566 infit&
754 3492 921 3591 denique,
949 3494 1054 3567 etiam
1077 3493 1113 3566 in
1135 3513 1250 3568 extra·

274 3631 372 3706 neos,
397 3615 618 3688 cunetatione
636 3619 670 3687 ὅτ
689 3616 800 3703 morri,
823 3614 1010 3688 adversum
1034 3613 1191 3706 unicum,
1217 3620 1252 3688 δε

274 3733 404 3807 nullius
428 3735 508 3807 ante
536 3734 658 3833 flagitii
686 3756 925 3831 compertum,
959 3754 1124 3807 uteretur.
1183 3735 1251 3807 Sed

274 3852 357 3948 quia
385 3851 524 3950 Sejanus
548 3852 741 3928 facinorum
754 3854 916 3928 omnium
932 3876 1083 3951 repertor
1098 3856 1250 3929 habeba-

274 3982 343 4064 tur,
366 3998 412 4047 ex
429 3972 534 4047 nimie
551 3973 688 4048 caritate
709 3973 749 4047 in
771 3998 854 4049 eum
875 3973 1031 4067 Caesaris,
1059 3978 1092 4049 δι
1117 3995 1248 4049 cetero·
