3259 5284
362 592 431 667 292
592 563 1155 639 ceormruracm

363 744 391 781 “
410 738 604 813 constanter
620 742 778 829 tolerent,
799 739 835 813 hi
851 736 1008 837 prospera
1022 733 1211 811 inconsulte
1227 752 1328 807 utan-

365 862 392 899 “
409 858 502 930 tur.'’
526 859 689 933 Ceterum
714 858 870 955 plurimis
895 856 1091 931 monalium
1111 880 1184 929 non
1204 852 1328 927 eximi·

363 992 433 1064 tur,
462 976 547 1072 quin
577 983 604 1019 “
623 976 735 1073 ptimo
765 974 928 1075 cujusque
954 997 1032 1049 ortu
1060 994 1205 1048 ventura
1226 970 1328 1045 desti·

364 1099 393 1137 ‘⁶
410 1114 556 1168 nentur:
591 1094 648 1167 sed
682 1096 843 1192 quaedam
865 1094 959 1168 secus
995 1091 1102 1192 quam
1136 1093 1229 1166 dina
1267 1094 1330 1164 fint

365 1218 393 1255 “
410 1214 544 1303 cadere,
562 1210 704 1286 fallaciis
720 1212 841 1312 ignara
855 1212 1065 1287 dicentium:
1089 1210 1138 1284 ita
1158 1210 1332 1305 corrumpi

365 1337 393 1373 “
413 1332 520 1405 fidem
541 1330 633 1420 artis,
657 1328 753 1428 cujus
777 1333 869 1404 clara
884 1334 1109 1420 documenta,
1132 1334 1166 1401 a
1188 1330 1332 1425 antiqua

366 1455 395 1492 ‘⁶
413 1468 494 1523 aetas
511 1454 544 1523 ὅτ
563 1450 676 1522 nostra
691 1450 839 1523 tulerit.”
887 1449 1030 1547 Qrippe
1055 1474 1076 1521 a
1091 1447 1165 1521 filio
1181 1446 1330 1546 ejusdem

365 1566 551 1664 Thrasylli,
577 1568 779 1665 praedittum
796 1568 947 1641 Neronis
963 1567 1165 1664 imperium,
1190 1566 1226 1639 in
1243 1586 1331 1639 tem-

367 1711 453 1783 pore
470 1686 730 1778 memorabitur,
755 1712 799 1760 ne
821 1712 914 1761 nunc
937 1686 1075 1783 incepto
1097 1684 1235 1783 longius
1258 1685 1332 1759 abi·

366 1830 463 1877 erim.

415 1926 551 1997 XXIII.
576 1926 717 1998 11st
745 1924 960 2013 consulibus,
985 1923 1093 1997 Afinii
1120 1923 1214 1997 Galli
1239 1948 1335 1995 mors

367 2045 543 2142 vulgatur,
572 2068 679 2141 quem
709 2042 857 2139 egestate
887 2042 957 2116 cibi
991 2061 1213 2139 peremptum
1239 2041 1335 2113 haud

367 2164 541 2249 dubium3
569 2160 700 2259 sponte,
731 2163 787 2234 vel
812 2164 1014 2251 neceffitate,
1043 2161 1212 2233 incertum
1228 2162 1334 2232 habe-

368 2285 482 2354 batur.
531 2277 780 2377 Consultusque
796 2278 906 2352 Caesar
929 2287 1012 2352 “an
1028 2278 1159 2375 sepeliri
1177 2282 1335 2368 srneret,'’

371 2426 443 2472 non
459 2397 593 2471 erubuit
609 2396 820 2493 permittere,
834 2400 996 2494 ultroque
1012 2396 1163 2469 incusare
1188 2404 1216 2441 “
1228 2397 1336 2487 casus,

377 2525 406 2560 “
425 2517 485 2614 qui
502 2542 599 2589 reum
615 2516 827 2589 abstulissent
850 2537 1035 2617 antequam
1058 2540 1175 2588 coram
1190 2516 1336 2590 convin-

371 2642 400 2679 “
419 2656 550 2709 ceretur
563 2636 599 2706 :’'
628 2632 756 2707 scilicet
771 2634 889 2707 medio
905 2634 1053 2707 triennio
1068 2632 1223 2707 defuerat
1249 2653 1337 2708 tem·

371 2780 436 2853 pus
453 2753 619 2827 subeundi
640 2752 814 2852 judicium
831 2750 998 2825 consulari
1014 2750 1097 2841 seni,
1116 2770 1168 2824 tot
1184 2754 1338 2828 consula·

371 2874 463 2947 rium
497 2871 643 2969 parenti.
693 2870 823 2945 Drusus
840 2871 966 2945 deinde
981 2870 1222 2967 exstinguitur,
1257 2875 1341 2947 clun

372 2990 405 3064 se
423 2989 619 3063 miserandis
635 2989 820 3079 alimentis,
834 2991 1033 3063 mandendo
1049 3014 1069 3061 e
1087 2990 1194 3063 cubili
1205 3012 1340 3065 tomen·
1416 3021 1420 3029 ·

372 3130 425 3200 to,
455 3134 588 3183 nonum
615 3109 659 3181 ad
690 3108 785 3181 diem
801 3108 1007 3181 detinuisset.
1055 3110 1091 3181 T
1092 3107 1248 3182 raddare
1264 3108 1341 3206 qui·

373 3230 470 3317 dam,
509 3225 744 3324 prascriptum
777 3226 874 3301 fuisse
907 3225 1082 3316 Macroni,
1117 3230 1140 3299 fi
1173 3253 1269 3300 arma
1295 3229 1341 3301 ab

374 3344 495 3442 Sejano
522 3364 744 3434 tentarentur,
774 3346 967 3417 extractum
995 3345 1148 3418 custodia
1170 3344 1341 3442 juvenem

378 3468 480 3559 (nam
508 3462 544 3534 in
572 3462 697 3559 palatio
713 3462 936 3558 attinebatur)
964 3464 1089 3538 ducem
1118 3465 1250 3562 populo
1276 3462 1343 3536 im-

377 3606 530 3679 ponere:
566 3606 651 3653 mox
680 3580 761 3678 quia
788 3606 905 3653 rumor
931 3580 1126 3673 incedebat,
1158 3591 1186 3627 “
1201 3582 1286 3672 sore,
1303 3600 1345 3656 ut

379 3708 406 3743 “
425 3698 527 3773 nurui
544 3725 584 3771 ac
601 3698 718 3795 nepoti
735 3697 975 3774 conciliaretur
992 3701 1141 3795 Caesar,”
1164 3700 1345 3793 sevitiam,

380 3820 488 3919 quarn
513 3816 750 3915 penitentiam
774 3816 905 3893 maluit.
