3259 5284
1174 640 1235 696 xur

258 797 407 897 antiquis
437 796 552 872 libris:
582 797 628 871 de
653 821 740 895 quo,
769 788 878 896 digna
904 797 966 886 est,
995 820 1074 894 quae
1103 797 1238 894 legatur
1317 896 1319 901 Ι

259 918 431 992 Perizonii
449 915 543 1014 praef.
572 917 618 988 ad
642 916 773 990 AEliani
792 917 874 990 Var.
894 916 1074 990 Historias·
1125 915 1236 990 Deui-

261 1063 329 1135 que
346 1037 500 1135 plerique
515 1036 662 1109 Codices
679 1055 817 1110 tanturn
829 1034 1022 1109 Annalium
1041 1035 1237 1111 &Histori-

259 1181 357 1230 arum
373 1156 478 1230 libros
495 1155 676 1245 exhibent,
707 1159 761 1250 (dc
790 1155 827 1229 in
843 1175 1003 1230 extremo
1028 1157 1115 1230 alius
1136 1156 1237 1230 citius

259 1275 485 1369 delinitalio)
504 1276 599 1348 velut
615 1273 846 1365 Florentium»,
865 1276 1040 1366 Budenfis,
1060 1275 1235 1366 Vaticani,

257 1395 363 1468 ceteri
388 1396 481 1493 apud
497 1393 833 1483 Montefalconium,
872 1399 905 1467 δι
934 1394 1239 1493 Guelferbytanus.

256 1515 481 1587 Farnefianus
508 1514 666 1587 libellum
689 1514 735 1588 de
762 1513 955 1587 oratoribus
981 1514 1116 1603 habuit,
1141 1513 1237 1588 unde

257 1632 287 1706 is
303 1633 394 1706 liber
411 1635 582 1708 correctus
597 1633 646 1706 cst
664 1660 685 1706 a
704 1633 838 1730 Lipsro.
888 1634 957 1706 Sed
968 1633 1055 1706 illud
1067 1635 1103 1707 in
1116 1630 1238 1731 primia

257 1751 405 1849 dignum
433 1751 616 1826 observatu
644 1751 707 1843 est,
729 1751 1006 1827 animadversum
1036 1759 1070 1828 δι
1097 1753 1135 1826 in
1161 1750 1238 1826 aliie

261 1869 369 1959 libris,
402 1872 500 1968 quod
529 1896 650 1945 omnes
678 1870 793 1968 scripti
823 1871 916 1961 libri,
945 1874 1122 1970 equibus
1150 1868 1237 1943 editi

257 1990 368 2080 dudi,
398 2009 457 2062 aut
486 1989 547 2087 qui
570 1993 617 2064 ab
645 1990 785 2064 eruditis
810 1989 952 2087 inspecii
969 1990 1059 2082 sunt,
1089 2017 1135 2065 ex
1163 2013 1237 2063 uno

258 2109 393 2184 Codice
408 2133 529 2182 omnes
558 2111 699 2184 fluxere.
751 2108 898 2182 Monuit
912 2111 958 2184 de
974 2135 1017 2184 eo
1032 2111 1170 2185 dudum
1195 2111 1231 2204 J.

256 2231 313 2302 Fr.
330 2227 529 2302 Gronovius
542 2227 688 2302 Observ.
704 2230 751 2301 L.
768 2231 831 2301 IV.
848 2255 884 2327 p.
902 2253 961 2328 30.
980 2255 1025 2303 ex
1042 2231 1122 2304 loco
1135 2227 1233 2303 Hist.

256 2350 305 2438 ΙΙ,
324 2351 382 2443 98.
405 2347 466 2420 ubi
484 2373 605 2420 omnes
620 2348 721 2422 MSS.
747 2347 882 2445 pariter,
907 2368 1013 2447 atque
1039 2348 1100 2423 tali
1127 2347 1235 2421 modo

255 2466 433 2563 depravati
459 2464 548 2554 sunt,
587 2486 624 2539 ut
652 2466 844 2564 planissrme
866 2488 1041 2564 appareat,
1069 2493 1147 2542 eam
1171 2468 1234 2540 de-

255 2585 498 2682 pravationem
514 2585 575 2659 uni
587 2585 675 2659 libro
691 2585 823 2660 deberi.
873 2587 939 2660 Sed
963 2589 1084 2662 eadem
1102 2613 1154 2661 res
1177 2587 1232 2659 in-

256 2705 426 2803 telligitur
452 2705 556 2779 etiam
585 2729 629 2778 ex
657 2703 732 2777 aliis
764 2704 864 2795 locis,
899 2701 935 2777 in
963 2706 1083 2803 primis
1109 2706 1164 2797 iis,
1195 2704 1233 2777 in

255 2823 382 2920 quibus
393 2821 663 2919 transposrtiones
681 2822 890 2920 paginarum
906 2821 1020 2913 fauae,
1045 2827 1103 2898 vel
1124 2825 1229 2897 libra-

254 2941 297 3016 rii
320 2943 376 3014 vel
400 2941 591 3039 bibliopegi
607 2941 706 3031 vitiu,
734 2941 770 3014 in
787 2942 920 3015 Codice
947 2941 1008 3014 illo
1035 2941 1234 3040 antiquiori.

251 3063 350 3135 Nam
367 3086 415 3134 eae
428 3061 464 3134 in
480 3061 642 3134 omnibus
654 3062 756 3135 Mffi.
770 3058 980 3134 conservata
999 3063 1231 3157 reperiuntur.

252 3182 299 3252 V.
318 3183 361 3254 ad
383 3182 436 3254 H.
455 3180 522 3270 Ill,
549 3203 582 3277 5.
603 3182 661 3276 65.
713 3181 821 3253 Unde
849 3203 921 3253 non
946 3206 1015 3254 una
1040 3180 1231 3264 observatio

252 3298 413 3391 nascitur,
447 3297 601 3373 studiosis
647 3297 727 3372 artis
760 3297 899 3373 Criticae
937 3304 1229 3382 commendanda.

252 3421 351 3492 Nam
372 3423 509 3516 primum
544 3409 625 3491 hinc
653 3417 874 3516 intelligitur,
897 3443 1019 3491 onmes
1053 3423 1231 3502 varietates

253 3537 456 3627 lectionum,
486 3562 571 3634 quas
587 3564 607 3611 e
623 3537 717 3611 libris
744 3536 873 3636 scriptis
894 3559 1029 3612 notatas
1045 3541 1228 3639 habemus,

251 3656 389 3754 proprie
404 3657 471 3728 effe
481 3655 659 3728 varietates
675 3657 777 3730 unius
793 3657 961 3754 exempli,
978 3683 1050 3730 non
1063 3661 1229 3757 plurium,

254 3775 315 3872 qui
337 3800 382 3848 ex
408 3772 480 3872 ipso
504 3777 664 3874 ἀρχετύπῳ
687 3776 863 3848 fluxerint.
914 3778 1022 3850 Unde
1050 3779 1090 3851 fit
1112 3784 1256 3874 secun.'

250 3895 300 3984 do,
323 3914 363 3967 ut
380 3894 542 3968 omnibus
558 3895 749 3968 Codicibus
769 3895 1012 3992 comparandis
1028 3896 1114 3977 nibil
1134 3902 1229 3977 aliud

251 4009 341 4088 effici
359 4015 471 4111 poffit,
502 4039 610 4112 quarn
641 4033 693 4106 ut,
728 4013 812 4112 quid
831 4013 867 4088 in
892 4039 965 4088 uno
989 4013 1052 4089 illo
1078 4043 1227 4118 apogra-
