3259 5284
384 632 456 707 294
575 606 617 681 C.
658 608 921 681 Conuesrr
963 608 1160 683 Tscrrr

382 776 599 853 sustentatam
617 780 799 877 provixiffe
813 806 905 869 reor,
923 786 972 869 ἃ,
1001 780 1187 877 postquam
1204 776 1289 851 nihil
1302 780 1347 851 de

382 876 508 969 saevitis
536 898 784 987 remittebatur,
822 901 999 972 voluntate
1025 897 1255 971 exstinetam:
1287 896 1348 969 nisr

382 1020 420 1105 st,
450 1017 583 1115 negatis
611 1016 796 1107 alimentis,
825 1019 1046 1091 adsunulatus
1074 1016 1124 1088 est
1152 1014 1245 1106 finis,
1286 1016 1347 1112 qui

382 1134 558 1208 videretur
585 1134 706 1233 sponte
729 1136 896 1231 sumptus.
959 1132 1151 1207 Enimvero
1180 1132 1347 1207 Tiberius

381 1252 570 1327 foediffimis
597 1252 895 1329 criminationibus
922 1256 1057 1341 exarfit,
1093 1259 1121 1295 “
1136 1251 1347 1348 impudiciti-

383 1378 412 1417 “
429 1377 509 1446 am”
543 1400 703 1472 arguens,
742 1381 770 1415 “
785 1377 820 1445 δε
850 1370 1008 1444 Afinium
1037 1372 1181 1443 Gallum
1214 1372 1347 1445 adulte·

383 1498 413 1537 “
432 1518 522 1581 rum,
552 1490 689 1589 ejusque
716 1511 828 1565 morte
854 1491 901 1562 ad
922 1489 1065 1562 taedium
1084 1488 1163 1561 vitae
1187 1491 1346 1587 compul-

381 1617 409 1653 “
427 1609 532 1681 sam.”
580 1612 648 1683 Sed
666 1608 878 1707 Agrippina,
905 1608 996 1705 aequi
1012 1605 1208 1703 impatiens,
1232 1608 1346 1681 domi-

379 1728 487 1803 nandi
502 1730 616 1817 avida,
635 1728 790 1805 virilibus
805 1728 910 1817 curis,
934 1726 1140 1800 feminarum
1156 1725 1241 1798 vitia
1259 1751 1345 1799 exu-

379 1865 461 1918 erat.
512 1854 538 1891 “
555 1848 691 1929 Eodem
714 1847 771 1919 die
788 1846 1003 1936 defunctam,
1021 1871 1095 1943 quo
1112 1844 1252 1917 biennio
1267 1845 1346 1917 ante

381 1972 410 2014 “
428 1961 567 2061 Sejanus
589 1990 710 2060 poenos
727 1964 851 2054 luisset,
876 1965 1123 2061 memoriaque
1140 1963 1177 2036 id
1195 1964 1345 2058 proden-

379 2090 408 2128 “
427 2083 536 2156 dum”
561 2083 694 2155 addidit
718 2082 855 2157 Caesar:
887 2080 1093 2178 jactavitque
1117 2082 1257 2179 “quod
1272 2108 1345 2155 non

380 2209 409 2247 “
427 2203 552 2297 laqueo
568 2201 787 2298 strangulata,
815 2226 928 2297 neque
943 2201 979 2272 in
994 2200 1182 2273 Gemonias
1199 2199 1346 2297 projesta

379 2326 409 2365 “
427 2317 547 2393 foret.”
598 2322 697 2391 Aetae
723 2322 772 2393 ob
796 2319 832 2391 id
851 2339 976 2415 grates,
999 2320 1246 2416 decretumque
1267 2328 1346 2393 “ut

295 2442 297 2449 ‘
379 2436 762 2535 “quintumdecimum
788 2437 960 2509 Kalendas
978 2436 1203 2527 Novembris,
1221 2437 1344 2510 utrius,

379 2564 407 2600 “
426 2580 495 2652 que
518 2554 609 2628 necis
632 2554 703 2645 die,
729 2580 791 2652 per
814 2580 936 2627 omnes
958 2573 1083 2646 annos,
1104 2558 1240 2629 donum
1262 2558 1344 2657 Jovi

377 2681 406 2719 “
423 2673 639 2747 sacraretur.”

426 2794 561 2867 XXVI.
587 2795 713 2865 Hnuo
751 2792 865 2865 multo
910 2792 987 2889 post
1018 2793 1185 2867 Cocceius
1209 2797 1342 2886 Nerva,

376 2912 561 2988 continuus
578 2912 759 3007 Principis,
790 2910 903 2985 omnis
922 2912 1034 2985 divini
1059 2914 1273 3011 humanique
1286 2915 1344 3014 ju·
1460 2988 1468 2996 ,

377 3030 421 3103 ris
442 3028 561 3119 sciens,
586 3029 724 3127 integro
737 3030 838 3119 statu,
864 3055 1009 3127 corpote
1022 3030 1150 3121 inlaeso,
1174 3034 1343 3108 moriendi

376 3149 557 3223 confilium
573 3149 677 3245 cepit.
727 3150 836 3245 Qtod
852 3170 892 3221 ut
907 3149 1052 3223 Tiberio
1067 3150 1264 3248 cognitum,
1282 3154 1344 3225 ad·

377 3270 496 3356 fidere,
515 3266 628 3341 causas
645 3266 831 3364 requirere,
860 3269 987 3343 addere
1014 3294 1143 3367 preces,
1168 3268 1263 3344 fateri
1280 3298 1343 3368 po-

375 3385 502 3459 stremo
528 3392 673 3482 “grave
704 3383 933 3477 conscientiae,
959 3413 1066 3486 grave
1087 3381 1189 3459 fama}
1213 3386 1294 3476 suae,
1319 3392 1343 3461 st

376 3512 406 3553 “
424 3503 602 3601 proximus
619 3503 825 3593 amicorum,
837 3506 939 3578 nullis
953 3507 1123 3581 moriendi
1139 3506 1341 3599 rationibus,

377 3630 405 3667 “
424 3622 533 3693 vitam
566 3620 744 3719 fugeret:”
784 3622 952 3697 aversatus
987 3624 1182 3697 sermonem
1209 3626 1342 3716 Nerva,

375 3740 615 3817 abstinentiam
641 3741 711 3814 cibi
731 3741 921 3840 conjunxit.
970 3729 1138 3817 Ferebant
1165 3742 1261 3839 gnari
1281 3768 1342 3817 co·

375 3860 582 3965 gitationum
599 3856 686 3959 ejus,
710 3862 843 3959 quanto
865 3862 1010 3959 propios
1037 3864 1128 3935 mala
1143 3860 1343 3957 reipublicae

374 3982 508 4072 viseret,
532 3980 593 4073 iri,
623 3986 786 4075 &metm
815 3984 903 4058 dum
919 3981 1065 4079 integer,
1092 3982 1179 4056 dum
1194 3977 1341 4055 intenta-
