3259 5284
532 602 1055 704 AuunirunrlLtndl.
1252 604 1295 698 85

326 775 430 848 armis
451 774 661 872 opplevere3
691 773 833 871 repertis
861 772 947 844 inter
967 771 1074 869 spolia
1095 797 1216 846 eorum
1240 797 1297 845 ca·
1376 845 1377 851 ,

323 895 426 984 tonis,
461 920 545 992 quas
560 893 596 965 in
621 897 818 983 Romanos,
850 913 988 964 utnon
1017 891 1127 966 dubio
1155 911 1296 982 eventu,

325 1033 553 1110 portaverant.
619 1013 727 1085 Miles
759 1012 794 1085 in
827 1014 906 1084 loco
944 1010 1073 1107 proelii,
1114 1011 1297 1084 Tiberium

323 1133 542 1229 Imperatorem
573 1129 746 1222 salutavit,
775 1131 965 1227 struxitque
995 1153 1174 1226 aggerem,
1209 1135 1242 1203 dt
1261 1132 1314 1204 in·

323 1253 469 1325 modum
499 1272 712 1348 tropaeorum
749 1275 861 1338 arma,
898 1247 1088 1346 subscriptis
1125 1249 1297 1324 viciarum

326 1371 484 1468 gentium
496 1370 711 1461 nominibus,
740 1367 913 1467 imposuit.

382 1493 482 1564 XIX.
526 1492 653 1563 Hnun
693 1513 870 1562 tantuna
912 1490 1105 1560 Germanos
1138 1489 1295 1577 vulnera,

326 1610 452 1698 lucius,
485 1609 635 1698 excidia,
670 1609 777 1706 quam
818 1633 858 1679 ea
889 1605 1016 1702 species
1043 1608 1161 1679 dolore
1188 1611 1220 1679 δι
1250 1608 1299 1681 ire

326 1727 475 1800 adfecit:
515 1727 576 1824 qui
605 1726 713 1800 modd
746 1726 839 1799 abire
867 1724 1016 1814 sedibus,
1049 1745 1141 1798 trans
1174 1726 1298 1801 Albim

324 1847 513 1919 concedere
544 1849 721 1943 parabant,
755 1871 911 1944 pugnam
944 1847 1081 1936 volunt,
1119 1870 1214 1918 arma
1245 1871 1297 1918 ra·

326 1964 446 2061 piunt:
476 1967 606 2062 plebes,
640 1965 818 2062 primores,
842 1963 1022 2062 juventus,
1040 1963 1146 2053 senet,
1168 1990 1298 2063 agmen

326 2087 531 2158 Romanum
549 2084 687 2181 repente
708 2081 892 2174 incursant,
926 2085 1085 2158 turbant:
1122 2084 1298 2181 postremd

323 2203 482 2302 deligunt
508 2205 640 2294 locum,
670 2183 816 2276 flumine
841 2206 875 2274 br
905 2204 994 2276 silvis
1017 2200 1182 2293 clausum,
1208 2206 1299 2280 areta

323 2322 413 2396 intus
429 2321 584 2419 planitie,
619 2327 653 2396 a
678 2322 844 2396 humida:
873 2324 970 2394 silvas
992 2349 1132 2420 quoque
1157 2321 1298 2420 prosun-

322 2444 368 2516 da
384 2445 482 2539 palus
507 2441 677 2531 ambibat,
706 2441 767 2515 nisr
793 2439 891 2538 qudd
917 2443 1005 2514 larus
1030 2469 1143 2515 unum
1165 2444 1298 2542 Angri-

323 2561 408 2634 varii
436 2563 505 2634 lato
521 2587 647 2660 aggere
673 2562 881 2648 extulerant,
908 2561 980 2657 qud
1001 2586 1022 2632 a
1043 2561 1222 2635 Cheruscis
1243 2563 1297 2636 di-

323 2679 548 2752 rimerentur:
584 2681 642 2752 hle
664 2680 768 2776 pedes
792 2678 942 2764 adstitit3
977 2679 1131 2776 equitem
1157 2687 1297 2778 propin-

325 2799 401 2896 quis
424 2799 509 2872 lucis
529 2801 658 2889 texere,
692 2817 731 2870 ut
752 2797 902 2896 ingreffis
926 2801 1045 2872 silvam
1067 2798 1299 2898 legionibusa

323 2937 422 3015 tergo
439 2916 539 2989 foret.

370 3037 454 3108 XX.
488 3038 616 3109 Nrnrr
635 3061 680 3109 ex
703 3035 743 3110 iis
764 3036 888 3111 Caesari
912 3037 1154 3136 incognitum:
1188 3043 1296 3113 confi-

323 3154 381 3243 lia,
416 3156 526 3243 locoS,
560 3177 736 3252 prompta,
770 3157 909 3230 occulta
946 3178 1102 3246 noverat,
1140 3157 1300 3255 astusque

321 3273 472 3347 hostium
488 3275 524 3345 in
551 3275 739 3371 perniciem
754 3275 833 3372 ipsis
862 3279 1028 3350 vertebat.
1077 3274 1155 3349 Seio
1176 3277 1297 3350 Tube-

321 3391 396 3465 roni
414 3393 529 3489 legato
545 3393 647 3465 tradit
662 3394 832 3490 equitem,
855 3421 1109 3493 campumque:
1141 3395 1299 3492 peditum

322 3510 431 3583 aciem
455 3510 502 3585 ita
528 3510 696 3601 instruxit,
727 3533 766 3591 ut
791 3539 869 3611 pars
893 3538 996 3613 aequo
1010 3515 1046 3587 in
1063 3515 1184 3587 filvam
1200 3515 1299 3590 aditu

324 3629 512 3718 incederet,
559 3656 636 3726 pars
673 3631 851 3729 objeslum
888 3659 1052 3732 aggerem
1091 3633 1297 3708 eniteretur:

321 3749 418 3846 quod
435 3747 596 3839 arduum,
621 3750 700 3835 sibi3
728 3771 840 3825 cetera
856 3751 976 3850 legatis
994 3752 1156 3849 permisit.
1206 3754 1298 3850 Qri-

321 3869 386 3940 bus
415 3868 516 3964 plana
546 3889 747 3957 evenerant,
776 3868 875 3942 facile
908 3870 1091 3968 inrupere:
1120 3873 1197 3969 qul:
1229 3871 1296 3945 im-

322 3986 530 4088 pugnandus
547 4011 669 4087 agger,
698 4007 739 4063 ut
756 3990 778 4061 fi
796 4013 938 4066 murum
953 3989 1187 4083 succederent,
1217 4015 1297 4091 gra·

764 4109 799 4179 G
829 4132 849 4206 3
