3259 5284
487 538 795 609 Aunnurnnr
822 535 1032 607 Lra.1V.
1200 558 1274 633 ⁴247

303 716 331 755 “
349 735 427 808 pere
444 710 629 785 exercitus:
657 733 772 807 neque
792 706 951 781 ausumm
968 706 1090 779 contra
1101 702 1276 802 Sejanum,

302 837 329 873 “
348 831 409 927 qui
427 856 520 903 nunc
544 828 744 926 patientiam
763 825 865 916 senis,
889 830 923 899 dt
948 823 1128 923 segnitiam
1135 823 1278 922 juvenis

301 950 443 1049 “juxta
467 948 637 1022 insultet.'’

346 1072 430 1143 LX.
457 1071 558 1142 Hinc
584 1086 690 1165 atque
715 1066 796 1139 talia
823 1064 990 1154 audienti,
1022 1063 1107 1136 nihil
1130 1063 1276 1161 quidem

299 1212 414 1285 pravae
443 1185 676 1284 cogitationis,
702 1184 760 1258 sed
783 1184 958 1257 interdum
986 1208 1089 1256 voces
1106 1184 1273 1279 procede·

297 1309 383 1380 bant
409 1326 647 1395 contumaces,
686 1310 721 1377 dr
751 1302 977 1388 inconsultae3
1021 1328 1106 1399 quas
1132 1302 1277 1397 adpofiti

297 1425 456 1500 custodes
473 1446 634 1522 exceptas
650 1422 834 1519 auctasque
850 1421 932 1495 cirm
948 1419 1133 1509 deferrent,
1158 1445 1274 1517 neque

296 1544 432 1619 Neroni
456 1544 642 1617 defendere
672 1543 823 1631 daretur,
858 1537 998 1613 diversae
1021 1537 1156 1635 insuper
1181 1539 1272 1612 solli·

296 1663 494 1737 citudiuum
523 1661 644 1735 sormae
669 1659 879 1733 oriebantur.
928 1660 1026 1731 Nam
1047 1657 1131 1733 alius
1153 1685 1275 1733 occur-

296 1780 371 1855 sum
388 1778 459 1877 ejus
484 1780 609 1855 vitare:
639 1778 795 1877 quidam,
820 1775 1020 1851 salutatione
1037 1777 1184 1867 redditi,
1210 1779 1276 1852 sta-

294 1898 360 1971 tim
378 1894 508 1972 avcrti:
536 1898 693 1996 plerique
720 1898 897 1995 inceptum
923 1895 1115 1969 sermonem
1135 1901 1276 1973 abrum-

296 2042 403 2114 pere;
443 2017 670 2092 innuentibus
706 2018 829 2091 contra
864 2014 1173 2114 inridentibusque,
1212 2018 1274 2116 qui

294 2134 416 2234 Sejano
432 2136 578 2211 fautores
595 2140 748 2211 aderant.
800 2134 992 2209 Enimvero
1015 2136 1177 2211 Tiberius
1201 2157 1273 2210 tor-

293 2282 373 2345 vus,
402 2274 462 2331 aut
484 2255 611 2331 salsum
639 2256 797 2331 renidens
825 2257 951 2342 vultu3
977 2255 1034 2329 seu
1061 2256 1273 2354 loqueretur,

291 2374 351 2450 seu
368 2394 495 2451 taceret
511 2374 662 2473 juvenis,
690 2375 823 2449 crimen
844 2400 889 2449 ex
916 2375 1061 2465 filentio,
1090 2401 1135 2447 ex
1158 2402 1271 2450 voce:

293 2520 337 2571 ne
359 2522 433 2571 nox
456 2494 603 2592 quidem
628 2492 757 2586 secura,
784 2496 867 2569 curn
889 2518 981 2566 uxor
1006 2492 1155 2591 vigilias,
1181 2493 1272 2568 som-

292 2641 370 2704 nos,
396 2614 532 2711 suspiria
548 2613 649 2691 matri
672 2613 801 2703 Liviae,
829 2634 935 2711 atque
949 2613 1009 2686 illa
1031 2611 1153 2709 Sejano
1178 2635 1273 2709 pate·

291 2734 437 2809 faceret:
469 2733 531 2829 qui
573 2731 711 2806 fratrem
754 2758 897 2830 quoque
936 2731 1090 2805 Neronis
1119 2730 1272 2805 Drusum

290 2852 394 2926 traxit
413 2850 448 2925 in
467 2872 592 2948 partes,
612 2848 675 2955 ¹spe
689 2848 824 2949 objestst
841 2851 1005 2948 principis
1027 2851 1110 2942 loci,
1137 2851 1272 2947 srprio-

291 2997 367 3045 rem
390 2990 489 3045 etate
511 2968 638 3068 &jam
657 2970 865 3044 labefactum
887 2970 1104 3043 demoviffet.
1155 2976 1271 3045 Atrox

290 3091 393 3163 Drusi
429 3089 623 3187 ingenium,
661 3086 762 3185 super
798 3088 1001 3184 cupidinem
1030 3088 1267 3183 potentiae,&

289 3208 386 3283 solita
408 3208 569 3283 fratribus
591 3206 686 3297 odia,
711 3207 967 3279 accendebatur
987 3206 1141 3279 invidis:
1171 3206 1270 3303 quod

289 3348 401 3402 mater
426 3326 625 3425 Agrippina
652 3324 848 3422 promptior
875 3325 1010 3397 Neroni
1033 3345 1125 3398 erat:
1153 3350 1269 3423 neque

287 3466 403 3520 tamen
420 3444 560 3543 Sejanus
578 3445 625 3517 ita
637 3444 790 3519 Drusum
806 3442 961 3533 fovebat,
979 3464 1106 3517 utnon
1124 3445 1162 3517 in
1185 3472 1268 3547 eunt

286 3590 428 3662 quoque
452 3564 582 3641 semina
606 3563 713 3638 futuri
742 3562 839 3637 exitii
866 3563 1110 3650 meditaretur3
1138 3590 1264 3661 gnarus

287 3682 524 3783 praeferocem,
552 3688 585 3759 δι
610 3683 736 3757 infidiis
759 3682 871 3780 magis
894 3703 1145 3780 opportunum.

334 3801 434 3871 LXI.
460 3802 562 3873 Frrtr.
581 3802 661 3875 anni
675 3804 844 3875 excessere
860 3802 1009 3899 insignes
1027 3804 1107 3892 viri,
1126 3802 1265 3878 Asinius

285 3916 458 4017 Agrippa,
485 3919 583 3994 claris
600 3918 786 4019 majoribus
812 3922 922 4017 quam
938 3921 1092 4013 vetustis,
1122 3923 1263 4022 vinique

745 4042 830 4131 R4
