3259 5284
382 619 483 672 mn

382 769 416 864 J.
433 769 632 842 Gronovius
648 767 805 866 pluribus
817 765 904 842 locis
928 766 1020 864 (uid.
1038 791 1074 841 v.
1085 793 1117 843 c.
1134 765 1181 845 ad
1197 767 1281 861 XV,
1299 771 1359 864 64.

381 888 485 978 XVl,
507 913 538 960 1.
555 889 638 978 XV,
660 913 715 960 11.
739 903 814 960 not.
831 914 862 961 ι.
883 910 938 962 ιο.
960 886 1024 961 ubi
1039 887 1127 962 mire
1146 887 1180 962 se
1195 890 1360 988 expedit)

380 1006 536 1081 irascitur
551 1008 734 1097 beroaldo,
755 1009 868 1097 aliter,
892 1031 1001 1104 quam
1015 1005 1053 1079 in
1069 1008 1272 1082 Florentino
1289 1011 1362 1084 Co·

381 1126 462 1200 dice
474 1125 568 1217 effer,
592 1126 723 1217 edenti,
749 1125 956 1224 quaeritque,
978 1125 1040 1198 ubi
1055 1127 1177 1200 oculos
1192 1128 1362 1202 babuerit.

382 1247 525 1344 Nempe
542 1244 737 1344 longiffime
759 1247 805 1320 ab
832 1245 894 1318 illo
916 1243 1049 1319 Codice
1069 1245 1285 1338 Florentino,
1309 1247 1360 1322 se·

382 1389 492 1464 quens
508 1389 619 1437 unum
636 1366 841 1461 exemplum
857 1363 957 1438 suum
969 1367 1158 1438 Venetum.
1193 1365 1262 1438 Sed
1277 1391 1358 1466 age,

381 1482 551 1581 exemplis
566 1481 700 1580 aliquot
712 1503 834 1580 praeter
849 1508 903 1574 ea,
920 1509 1000 1582 quae
1015 1504 1097 1558 ante
1113 1483 1359 1577 indicavimus,

381 1603 513 1703 positis,
538 1627 612 1678 rem
630 1603 769 1700 planam
790 1601 970 1676 faciamus.
1019 1610 1067 1676 A.
1079 1605 1184 1693 Xlll,
1206 1629 1262 1692 ιι.
1282 1603 1360 1678 init.

382 1723 417 1797 dt
444 1725 499 1797 H.
523 1723 589 1812 lV,
619 1747 677 1793 ιι.
707 1724 788 1796 MS.
816 1723 913 1795 Flor.
939 1723 1133 1794 arbitrium.-
1156 1710 1238 1796 Ber.
1256 1723 1360 1820 priori

381 1845 460 1917 loco
497 1843 678 1932 arbitrium,
713 1842 822 1914 altero
853 1843 1022 1932 arbitrum,
1062 1861 1102 1914 ut
1139 1843 1360 1916 Puteolanus.

380 1964 485 2052 Xlll,
512 1987 571 2034 21.
601 1983 691 2036 extr.
718 1962 867 2034 verbum
895 1975 997 2032 mater
1021 1959 1117 2034 abest
1141 1986 1162 2032 a
1189 1962 1283 2035 Flor.
1310 1962 1361 2036 est

381 2107 440 2180 ap.
463 2083 541 2154 Ber.
559 2081 620 2154 ubi
644 2083 679 2175 J.
696 2083 805 2153 Gron.
835 2083 961 2152 interim
975 2104 1037 2152 vax
1052 2099 1162 2153 mater
1185 2105 1243 2151 non
1264 2083 1362 2176 estin

382 2197 574 2298 vetustrffimo
588 2199 746 2289 Medium,
771 2201 966 2296 undecunque
988 2223 1056 2280 eam
1071 2201 1248 2295 arripuerit
1263 2199 1359 2272 Bem-

379 2323 493 2393 aldus:
521 2342 650 2414 nempe
666 2343 686 2391 e
703 2319 919 2404 Puteolano;
947 2338 986 2391 ut
1008 2343 1040 2392 c.
1058 2343 1077 2389 2
1083 2343 1115 2415 5.
1130 2321 1358 2415 gladiatorum,

380 2465 447 2540 pro
457 2436 664 2535 gladiatores,
690 2437 786 2533 quod
802 2435 852 2508 est
875 2436 912 2509 in
929 2439 1022 2509 Flor.
1039 2462 1070 2510 c.
1089 2463 1147 2534 3¹·
1170 2440 1358 2532 extruderat,

381 2585 448 2660 pro
469 2570 651 2632 extmxerat
678 2573 744 2628 etc.
796 2554 913 2628 Etiam
941 2575 1082 2652 peccata
1108 2557 1361 2653 typographica

381 2677 506 2753 Veneti
531 2674 609 2751 libri
626 2673 755 2748 servata
781 2676 849 2748 esse
875 2675 912 2747 in
927 2674 1133 2748 Beroaldina
1156 2695 1249 2771 patet
1275 2703 1310 2749 v.
1327 2703 1360 2751 c.

382 2803 430 2874 A.
442 2799 548 2887 XIII,
563 2821 622 2893 49.
645 2793 684 2866 in
694 2796 801 2867 verbo
816 2795 984 2889 insedebat,
1007 2819 1070 2891 pro
1082 2797 1250 2867 incedebat.
1274 2797 1358 2887 XV,

383 2922 441 3018 58.
465 2917 650 2990 inlaturum
674 2915 907 3011 prolatatum.
948 2911 1156 2988 Diffensusa
1169 2915 1362 2990 Puteolano

382 3037 546 3134 exempla
569 3033 648 3108 sunt
671 3033 774 3122 XIV,
804 3059 839 3128 9.
868 3031 904 3104 in
924 3033 1112 3128 produntur.
1139 3059 1171 3104 c.
1192 3035 1247 3106 16.
1270 3052 1361 3107 extr.

381 3158 419 3231 in
450 3157 652 3230 eruebantur.
677 3177 710 3225 c.
739 3175 794 3247 17.
826 3150 863 3223 in
891 3157 1080 3224 contentione.
1120 3153 1207 3241 XV,
1238 3178 1296 3248 30.
1323 3152 1362 3225 in

377 3277 494 3374 postem
508 3293 576 3347 etc.
613 3269 731 3368 Hujus
748 3267 827 3342 libri
844 3271 1046 3367 exemplum
1062 3269 1183 3361 habui,
1209 3270 1362 3369 primum

383 3394 537 3470 editurus
561 3393 626 3464 hos
654 3389 759 3462 libros
783 3388 1044 3462 e'Bibliotheca
1071 3389 1199 3462 Ducali
1225 3389 1361 3464 Vinari-

382 3515 466 3600 enfi,
484 3511 520 3585 in
532 3535 639 3609 quam
663 3535 682 3582 e
699 3509 756 3582 M.
769 3506 879 3580 Gudii
896 3507 1106 3581 bibliotheca
1122 3531 1184 3605 per
1198 3509 1361 3582 Schunz·

384 3629 577 3708 fleischium
593 3629 728 3702 illatum
746 3626 821 3713 est;
847 3652 920 3700 non
944 3629 1058 3701 multo
1075 3627 1153 3724 post
1177 3627 1246 3702 emi
1272 3628 1362 3704 mihi

386 3749 634 3856 pulcerrimum
651 3774 671 3822 e
687 3745 867 3822 Britannia.

894 3866 1028 3941 Ernesti
1051 3893 1088 3970 p.
1101 3870 1304 3960 24-28.
