3259 5284
473 586 791 654 -Asnnsrun
832 579 1001 652 Lrn.l.
1197 608 1242 681 29

266 756 402 855 glories,
427 753 648 842 Percennius,
685 777 749 826 nec
765 773 767 780 ·
781 753 876 848 apud
908 751 1058 848 trepidas
1093 751 1244 828 militum

267 899 366 948 aures
390 872 473 946 alios
489 871 671 972 validiores
694 871 868 945 exercitus
891 870 1157 966 respicientium,
1184 872 1244 948 sed

265 995 377 1068 multa
388 990 558 1066 seditionis
574 1017 636 1064 ora
650 989 841 1088 vocesque:
863 996 890 1032 “
900 988 959 1062 sua
974 989 1011 1062 in
1023 1017 1129 1064 manu
1146 996 1244 1070 sitam

268 1118 386 1186 “rem
410 1115 623 1200 Romanam,
646 1109 712 1182 suis
736 1109 888 1182 vittoriis
908 1110 1029 1214 augeri
1050 1113 1241 1209 rempubli-

268 1236 298 1274 “
313 1256 405 1320 cam,
422 1209 469 1304 'in
493 1227 594 1304 suum
618 1250 893 1330 cognomentum
927 1227 1061 1308 adscisci
1093 1231 1241 1330 impera-

268 1355 297 1393 “
313 1351 441 1422 tores'’
533 1419 540 1429 ‚

314 1470 469 1542 XXXII.
493 1471 580 1544 Nnc
608 1495 784 1544 Leontos
811 1469 952 1544 obviam
980 1470 1076 1544 ibat:
1109 1471 1242 1568 quippe

269 1587 420 1685 plurium
438 1589 599 1664 vecordia
611 1589 836 1664 constantiam
854 1611 1041 1664 exemerat.
1079 1590 1240 1686 Repente

263 1707 452 1804 lymphati,
479 1708 644 1782 destrislis
667 1709 803 1806 gladiis,
839 1709 877 1783 in
902 1709 1119 1783 centuriones
1142 1709 1240 1782 inva-

265 1826 378 1898 dunt:
402 1851 442 1900 ea
466 1827 687 1900 vetustissima
715 1827 917 1902 militaribus
949 1826 1039 1900 odiis
1068 1827 1239 1919 materies,

260 1949 302 2022 ,δι
336 1943 497 2018 saeviendi
535 1946 768 2042 principium:
819 1945 1005 2044 prostratos
1038 1945 1241 2025 verberibus

263 2065 434 2154 mulcant,
466 2064 625 2163 sexageni
650 2067 813 2164 fingulos,
846 2085 885 2140 ut
909 2090 1095 2139 numerum
1119 2085 1239 2138 centu-

262 2182 406 2258 rionum
425 2186 655 2282 adaquarent.
704 2187 803 2258 Tum
820 2184 1002 2258 convulsos
1013 2183 1238 2283 laniatosque,

262 2305 299 2376 ὅτ
326 2303 452 2398 partim
477 2303 668 2394 exanimos,
691 2323 769 2377 ante
793 2305 939 2395 vallum,
961 2325 1021 2379 aut
1038 2305 1078 2380 in
1097 2330 1239 2379 amnem

262 2423 434 2496 Rhenum
471 2420 665 2519 projiciunt.
715 2423 900 2520 Septimius
929 2425 1011 2498 cnm
1037 2423 1239 2523 perfugisset

260 2541 308 2612 ad
325 2540 487 2630 tribunal,
516 2541 729 2639 pedibusque
749 2543 900 2616 Caecinae
914 2544 1170 2634 advolveretur,
1194 2543 1238 2616 εὸ

264 2655 371 2756 usque
393 2659 564 2758 flagitatus
588 2660 651 2751 est,
676 2661 788 2734 donec
810 2664 857 2733 ad
877 2660 1024 2734 exitium
1041 2663 1237 2736 dederetur.

260 2777 392 2852 Cassius
412 2779 570 2868 Chaerea,
598 2803 683 2852 mox
695 2780 789 2854 caede
810 2781 852 2852 C.
868 2778 1008 2853 Caesaris
1030 2780 1238 2854 memoriam

260 2897 358 2992 apud
381 2895 535 2993 posteros
558 2899 717 2994 adeptus,
747 2917 824 2972 turn
845 2897 1051 2988 adolescens,
1073 2903 1109 2971 ἃ
1132 2899 1238 2972 animi

262 3011 378 3106 ferox,
403 3015 490 3088 inter
505 3015 677 3090 obstantes
704 3023 902 3092 &armatos
922 3015 1015 3090 ferro
1027 3016 1123 3090 viam
1140 3039 1237 3115 pate-

260 3129 355 3204 fecit.
409 3135 496 3208 Non
517 3134 676 3208 tribunus
699 3135 802 3224 ultra,
829 3161 901 3210 non
926 3135 1115 3210 castrorum
1146 3162 1236 3234 prae-

196 3337 200 3344 ,
262 3247 372 3328 fenus
386 3251 444 3350 jus
467 3253 635 3328 obtinuit:
664 3253 810 3352 vigilias,
846 3255 1018 3345 stationes,
1049 3259 1133 3329 &fi
1168 3282 1239 3354 qua

258 3368 327 3442 alia
341 3370 486 3467 praesens
503 3372 581 3448 usus
602 3373 785 3462 indixerat,
812 3371 872 3469 ipsr
901 3375 1145 3469 partiebantur.
1194 3378 1237 3450 ld

261 3488 425 3564 militares
447 3491 581 3566 animos
604 3493 704 3569 altilis
726 3489 998 3590 conjeslantibus
1020 3495 1236 3592 praecipuum

263 3605 432 3682 indicium
458 3611 578 3709 magni
599 3631 705 3710 atque
728 3611 957 3709 implacabilis
982 3615 1113 3705 motos,
1139 3614 1237 3712 qubd

259 3749 374 3823 neque
385 3726 528 3825 disjesti,
561 3731 618 3804 vel
632 3755 824 3827 paucorum
839 3730 1013 3823 instinctu,
1039 3731 1096 3805 sed
1112 3732 1238 3829 pariter

257 3844 485 3938 ardescerent,
517 3847 641 3945 pariter
669 3850 828 3923 silerent:
864 3855 957 3926 tantal
980 3851 1176 3950 aequalitate
1198 3851 1236 3926 δι

253 3964 461 4058 contenit,
483 3987 522 4040 ut
539 3968 612 4068 regi
635 3969 800 4043 crederes.
