3259 5284
521 620 1053 695 nnnrmuntravl.
1199 624 1269 721 287

301 795 539 884 consu1t0,ne
563 794 653 869 tedia
669 795 813 893 quidem
829 794 953 885 Urbis,
980 792 1068 868 oded
1091 794 1273 890 publicum

300 913 485 989 confilium
509 938 703 1013 numquam
730 914 830 1005 adiit,
855 914 965 989 deviis
982 916 1189 1012 plerumque
1216 913 1272 989 iti-

300 1032 439 1107 neribus
457 1031 637 1131 ambigens
654 1032 800 1130 patriam
816 1032 1055 1107 &declinans

350 1152 450 1225 XVl.
475 1152 653 1224 lurnnnn
672 1176 801 1250 magna
818 1152 871 1226 vis
886 1150 1127 1227 accusatorum
1153 1153 1191 1225 in
1215 1178 1275 1227 eos

302 1271 446 1369 inrupit,
459 1270 520 1368 qui
537 1270 699 1367 pecunias
715 1268 836 1346 fenore
850 1271 1076 1361 auditaban‘t‚
1089 1272 1277 1347 adversum

302 1391 419 1489 legem
442 1390 615 1463 dictatoris
630 1388 782 1481 Caesaris,
801 1392 871 1488 qud
901 1397 930 1434 “
942 1391 989 1463 de
1006 1392 1113 1465 modo
1129 1393 1273 1465 creden-

300 1516 331 1553 “
349 1509 400 1600 di,
419 1510 678 1608 possidendique
694 1508 783 1583 intra
799 1510 961 1585 Italiam'’
983 1529 1149 1597 cavetur3
1171 1511 1274 1585 omis·

299 1628 373 1703 sam
388 1629 489 1721 olim,
504 1630 586 1726 quia
602 1628 737 1726 privato
748 1627 823 1703 usui
838 1632 971 1703 bonum
984 1630 1167 1727 publicum
1180 1632 1273 1727 post·

301 1748 451 1843 ponitur.
500 1748 587 1825 sant
614 1768 712 1821 vetus
744 1748 839 1822 Urbi
872 1746 1012 1823 senebre
1039 1750 1186 1839 malum,
1238 1755 1272 1824 δι

302 1865 511 1941 seditionum
543 1866 864 1964 discordiarumque
903 1868 1110 1943 creberrima
1148 1866 1271 1944 causa:

302 1985 417 2083 abque
434 1985 660 2061 cohibebatur
674 1986 825 2083 antiquis
843 2012 984 2084 quoque
1005 1992 1039 2060 lle
1065 1988 1182 2061 minus
1197 2015 1273 2063 cor-

302 2105 413 2202 ruptis
438 2105 605 2181 moribus.
653 2107 751 2179 Nam
781 2103 894 2202 primb
927 2107 1118 2180 duodecim
1149 2108 1275 2184 tabulis

299 2220 470 2314 fandum,
503 2229 533 2268 “
547 2248 591 2297 ne
620 2224 697 2322 quis
722 2224 876 2303 unciario
901 2223 1018 2300 fenore
1045 2225 1195 2322 amplius
1212 2253 1274 2301 ex·

300 2350 329 2388 “
346 2344 519 2433 erceret,”
549 2344 632 2417 cbm
657 2362 759 2417 antea
791 2368 836 2417 ex
870 2343 1013 2418 libidine
1045 2346 1274 2443 locupletium

299 2461 514 2562 agitaretur:
546 2463 630 2537 dein
645 2463 825 2561 rogatione
840 2463 1036 2557 tribunicia,
1064 2466 1110 2538 ad
1138 2461 1275 2539 semun-

300 2580 371 2655 cias
392 2584 558 2655 redasla:
589 2582 762 2679 postremb
780 2582 887 2656 vetita
901 2582 1058 2658 versura:
1088 2583 1275 2684 multisque

300 2702 413 2797 plebis
441 2699 529 2773 scitis
555 2700 699 2775 obviam
716 2701 805 2775 itum
820 2700 1012 2793 fraudibus,
1040 2730 1119 2802 quae
1145 2704 1274 2779 totiens
1302 2759 1306 2765 -

298 2820 468 2915 repressae,
495 2818 595 2893 miras
619 2846 679 2917 per
695 2840 784 2895 artes
800 2821 934 2895 rursum
950 2822 1157 2896 oriebantur.
1205 2825 1274 2898 Sed

298 2954 378 3009 tum
394 2940 574 3011 Gracchus
592 2959 729 3037 pretor,
762 2941 821 3015 cui
848 2967 889 3015 ea
921 2940 1065 3040 quaestio
1098 2966 1273 3033 evenerat,

299 3056 524 3130 multimdine
549 3056 815 3155 periclitantium
831 3060 1003 3152 subactus,
1032 3062 1147 3136 tetulit
1161 3065 1207 3136 ad
1223 3064 1273 3137 se-

298 3194 447 3251 natum:
478 3176 675 3274 trepidique
692 3197 803 3275 patres
829 3180 1073 3277 (nequeenim
1090 3180 1275 3281 quisquam

298 3294 359 3367 tali
387 3296 492 3392 culpi
517 3298 667 3390 vacuus)
698 3296 838 3372 veniam
864 3325 886 3373 a
912 3296 1076 3397 Principe
1095 3302 1270 3400 petivere:
1318 3388 1325 3404 ³

298 3416 334 3487 δι
360 3416 589 3506 concedente,
617 3440 727 3489 annus
744 3415 780 3489 in
793 3418 978 3514 postemm,
996 3418 1125 3518 sexque
1140 3422 1272 3497 menses

296 3532 383 3622 dati,
408 3534 488 3631 quls
504 3533 695 3611 secundbm
712 3534 804 3634 jussa
829 3536 928 3640 legis,
958 3538 1104 3619 rationes
1127 3540 1272 3620 familia-

298 3672 352 3722 res
377 3650 523 3750 quisque
547 3677 808 3753 componerent.

345 3769 461 3841 XVII.
487 3774 599 3847 Hruc
627 3775 745 3872 inopia
776 3775 825 3850 rei
851 3778 1071 3869 nummaria,
1089 3802 1273 3855 commoto

295 3886 396 3959 fimul
424 3890 584 3965 omnium
600 3919 666 3967 aere
683 3893 819 3980 alien03
850 3899 884 3968 δι
912 3898 994 3994 quia
1010 3918 1063 3971 tot
1077 3899 1265 3989 damnatis,

298 4003 465 4107 bonisque
493 4034 615 4089 eorum
648 4011 853 4105 divenditis,
884 4018 1056 4117 fignatum
1083 4036 1271 4117 argentum
