3259 5284
394 584 466 669 304
590 566 1163 648 C.Conuar.'rrTrcrr1

388 770 481 835 rum,
499 744 635 843 corpori
660 747 815 821 custodes
837 748 992 837 aderant,
1022 746 1084 821 suis
1106 744 1249 845 quisque
1271 746 1360 822 sedi-

389 866 455 939 bus
470 883 636 953 extorres,
672 868 750 961 quls
768 890 882 963 neque
907 866 989 939 boni
1013 866 1217 955 intelledius,
1247 892 1362 963 neque

389 982 472 1057 mali
505 1008 602 1073 cura,
641 982 699 1057 sed
731 985 892 1057 mercede
930 986 1081 1074 aluntur,
1119 983 1262 1057 ministri
1290 982 1361 1059 sce-

390 1102 527 1177 leribus.
594 1102 664 1175 His
697 1101 899 1199 adsumptis,
935 1102 972 1175 in
1000 1104 1249 1201 longinqua&
1277 1130 1361 1177 con·

390 1223 539 1296 termina
565 1220 713 1317 Scythiae
746 1220 868 1320 fugam
902 1223 1100 1311 maturavit,
1134 1220 1194 1319 spe
1224 1222 1360 1313 auxilii,
1447 1299 1452 1322 ,1

390 1341 472 1441 quia
497 1339 671 1437 Hyrcanis
694 1338 953 1437 Carmaniisque
981 1365 1043 1437 per
1070 1340 1285 1413 adfinitatem
1307 1340 1361 1413 in-

391 1486 500 1535 nexus
525 1480 621 1545 erat;
656 1479 761 1557 atque
787 1458 921 1533 interim
951 1462 1047 1557 polle
1073 1462 1220 1533 Parthos
1244 1457 1362 1532 absen-

389 1580 479 1654 tium
496 1604 628 1677 aequos,
654 1575 874 1676 praesentibus
889 1578 1047 1669 mobiles,
1068 1580 1114 1653 ad
1130 1578 1363 1677 penitentiam

390 1698 527 1772 mutari.

441 1815 631 1891 XXXVII.
656 1820 716 1890 Ατ
740 1819 977 1911 visamus,
995 1817 1145 1916 profugo
1166 1819 1362 1908 Artabano,

392 1942 428 2011 dc
461 1936 560 2011 flexis
586 1936 632 2009 ad
665 1960 799 2009 novum
829 1961 950 2033 regem
981 1936 1201 2033 popularium
1224 1934 1363 2025 animis,

388 2058 540 2131 hortatus
560 2052 736 2128 Tiridaten
766 2060 793 2097 “
812 2074 928 2151 parata
947 2056 1157 2151 capessere,”
1182 2057 1291 2128 robur
1312 2057 1363 2127 le-

393 2176 552 2273 gionum,
576 2172 830 2270 sociorumque,
855 2172 966 2269 ripam
989 2174 1033 2245 ad
1050 2172 1237 2268 Euphratis
1252 2172 1363 2245 ducit.

393 2290 684 2382 Sacrificantibus,
706 2292 787 2364 cirm
804 2290 862 2363 hic
879 2315 976 2364 more
992 2294 1160 2365 Romano
1176 2294 1365 2366 suovetau-

393 2412 469 2486 rilia
484 2412 594 2500 daret,
625 2410 682 2482 ille
698 2434 829 2506 equum
852 2410 1020 2505 placando
1041 2410 1135 2483 amni
1149 2412 1338 2483 adornasset
1352 2436 1366 2496 ;

394 2528 593 2603 nuntiavere
609 2530 753 2617 accolae,
785 2533 812 2569 “
838 2530 1053 2625 Euphraten,
1082 2532 1177 2602 nulla
1200 2526 1365 2601 imbrium

392 2657 422 2695 “
440 2648 489 2737 vi,
511 2646 634 2744 sponte
663 2652 696 2719 ἃ
721 2647 931 2719 immensirm
954 2646 1089 2732 attolli;
1116 2649 1216 2721 fimul
1244 2649 1364 2721 alben·

395 2769 533 2842 “tibus
554 2764 683 2865 spumis
702 2764 738 2837 in
763 2765 911 2839 modum
937 2766 1139 2840 diadematis
1164 2770 1294 2839 sinuare
1310 2791 1365 2839 or·

396 2894 425 2933 “
444 2889 528 2971 bes;
569 2884 757 2981 auspicium
790 2882 943 2982 prosperi
980 2884 1202 2981 transgressio
1216 2886 1253 2956 :''
1287 2884 1366 2982 qui-

394 3008 479 3081 dam
511 3004 666 3077 callidius
697 3003 1023 3099 interpretabantur,
1048 3002 1200 3076 “initia
1226 3005 1368 3076 conatfis

397 3133 425 3171 “
442 3124 604 3214 secunda,
635 3146 749 3220 neque
780 3121 965 3195 diuturna:
1008 3122 1090 3218 quia
1122 3146 1256 3211 eorum,
1290 3147 1370 3217 quae

398 3252 427 3291 ‘⁴
445 3246 533 3317 terra
549 3243 681 3315 caelove
704 3240 1001 3337 portenderentur,
1030 3239 1154 3313 certior
1169 3240 1276 3325 lides3
1301 3242 1367 3311 flu·

398 3372 427 3409 “
444 3362 579 3437 minum
596 3358 758 3433 instabilis
775 3376 895 3432 natura
912 3360 1010 3431 simul
1027 3357 1220 3431 ostenderet
1235 3356 1365 3445 omina,

399 3490 429 3527 “
445 3480 683 3578 raperetque.’'
730 3478 797 3549 Sed
826 3496 932 3574 ponte
960 3476 1109 3551 navibus
1137 3476 1272 3565 effecto,
1299 3493 1368 3547 tra-

398 3599 566 3694 missoque
581 3594 747 3686 exercitu,
762 3595 891 3692 primus
905 3594 1124 3693 Ornospades
1140 3593 1257 3668 multis
1272 3592 1371 3691 equi-

399 3738 475 3791 tum
492 3715 645 3789 millibus
672 3715 708 3787 in
733 3713 840 3787 castra
855 3713 973 3787 venit:
1001 3712 1097 3787 exsul
1113 3714 1309 3812 quondam,
1335 3717 1371 3786 dr

398 3836 554 3925 Tiberio,
596 3836 679 3908 cum
716 3832 954 3907 Dalmaticum
994 3833 1128 3905 bellum
1169 3834 1371 3920 conficeret,

401 3956 495 4033 haud
511 3954 676 4055 inglorius
697 3950 893 4045 auxiliator,
919 3950 1030 4049 e6que
1054 3950 1194 4025 civitate
1211 3952 1373 4025 Romana
