3259 5284
322 753 390 867 o
514 748 1283 905 cornuum

495 982 1119 1135 TACJTJ

434 1296 1176 1399 Anninus

497 1572 710 1647 urrann
757 1568 1109 1668 QUARTUS.

514 1767 1101 1807 *¹*-

323 1960 419 2109 C·
441 2036 598 2121 Asmro,
622 2032 665 2104 C.
689 2030 839 2104 Antistio
862 2030 1073 2123 consulibus,
1099 2056 1213 2105 nonus
1228 2032 1291 2105 Ti·

321 2153 419 2229 berio
445 2178 555 2225 annus
577 2170 649 2225 erat
675 2153 872 2247 compositae
897 2150 1114 2249 reipublicae,
1140 2151 1294 2226 florentis

318 2272 471 2347 domus:
501 2274 603 2367 (narn
625 2268 825 2345 Germanici
851 2290 1003 2344 mortem
1028 2270 1117 2344 inter
1135 2270 1295 2369 prospera

320 2394 490 2487 ducebat)
514 2391 598 2465 cum
614 2389 755 2487 repente
770 2392 908 2465 turbare
924 2388 1064 2462 fortuna
1076 2390 1206 2486 coepit;
1232 2388 1293 2463 sae-

320 2513 397 2586 vire
414 2508 497 2609 ipse,
525 2530 586 2584 aut
601 2508 820 2583 saevientibus
838 2508 929 2581 vires
945 2510 1112 2605 praebere.
1149 2509 1293 2583 Initium

322 2636 357 2704 δι
373 2628 474 2705 causa
489 2654 595 2725 penes
612 2628 750 2703 AElium
775 2624 953 2724 sejanum,
979 2628 1182 2702 cohortibus
1204 2654 1294 2725 prae-

314 2748 418 2821 ‘toriis
435 2746 652 2844 prestetum,
680 2744 777 2843 cujus
793 2748 839 2819 de
864 2746 1018 2843 potentia
1033 2744 1135 2845 supri
1157 2772 1295 2852 merno-

322 2866 422 2941 ravi:
460 2892 554 2940 nunc
587 2865 774 2964 originem,
805 2890 933 2954 mores,
966 2870 1015 2955 dc,
1047 2892 1119 2963 quo
1140 2864 1295 2943 facinore

321 2985 597 3059 dominationem
620 3006 758 3082 raptum
782 2984 872 3075 ierit,
899 2986 1098 3082 expediam.
1148 2985 1296 3059 Genitus

320 3089 497 3195 Vtilsrniis,
524 3126 619 3201 patre
640 3104 717 3177 Seio
744 3106 927 3195 Strabone,
963 3104 1080 3201 equite
1112 3108 1293 3195 Romano,

323 3229 358 3298 ἂ
375 3224 488 3322 primi
497 3222 643 3322 juvenrd
655 3226 697 3300 C.
714 3221 897 3314 Caesarem,
924 3222 999 3296 divi
1018 3224 1168 3322 Augusti
1186 3250 1295 3322 nepo-

321 3366 408 3435 tem,
433 3342 589 3433 sedatus,
620 3369 694 3415 non
718 3347 788 3417 fine
815 3368 956 3417 rumore
980 3344 1109 3440 Apicio
1130 3342 1231 3417 diviti
1260 3348 1295 3418 dt

321 3464 473 3563 prodigo
500 3463 660 3561 stuprum
687 3488 780 3535 veno
807 3462 961 3535 dedisse:
997 3488 1082 3535 mox
1109 3462 1295 3538 Tiberium

320 3582 422 3656 variis
439 3582 569 3656 artibus
585 3581 745 3655 devinxit
771 3582 874 3671 aded,
899 3604 940 3655 ut
967 3580 1154 3656 obscurum
1170 3584 1295 3657 adver-

322 3702 401 3774 sum
416 3702 515 3792 alios,
542 3701 603 3775 fibi
620 3702 681 3774 uni
704 3701 885 3779 incautum
914 3702 1152 3799 intedumque
1180 3705 1294 3775 effice-

321 3840 389 3907 ret3
416 3846 488 3893 non
504 3841 577 3894 tam
593 3820 739 3910 solertia,
767 3820 919 3919 (quippe
936 3820 1058 3895 iisdem
1075 3820 1206 3895 artibus
1222 3824 1295 3896 vic·

322 3960 378 4013 tus
393 3940 460 4035 est)
479 3941 587 4039 quam
610 3941 719 4015 dedm
734 3940 783 4015 ira
804 3940 842 4012 in
860 3965 935 4015 rem
957 3945 1172 4033 Romanam,
1199 3940 1296 4041 cujus

814 4062 891 4153 04
