3259 5284
470 599 783 669 Auunrrun
817 583 931 666 Lrn.
965 591 1011 664 ΙΙ.
1227 611 1272 690 97

301 779 331 816 “
349 770 495 870 gionuru
526 771 646 869 legati,
669 772 731 868 qui
762 789 843 843 ante
875 789 1061 866 praeturam
1086 769 1124 841 et
1152 767 1276 842 militie

302 897 331 934 “
348 891 594 988 fungebantur,
617 887 693 986 jam
724 909 803 962 tum
821 909 981 986 praetores
997 887 1245 962 destinarentur
1261 915 1271 960 z

301 1016 332 1052 “
348 1010 514 1105 Princeps
530 1009 718 1081 duodecim
730 1007 945 1096 candidatos,
979 1005 1016 1077 in
1032 1031 1139 1078 annos
1157 1010 1271 1104 fingu-

301 1136 331 1194 .“
346 1129 398 1201 los
413 1127 644 1201 nominaret.''
693 1128 805 1202 Haud
823 1126 973 1200 dubium
990 1145 1074 1214 erat,
1105 1149 1180 1198 eam
1197 1123 1273 1198 sen*

300 1247 446 1320 tentiam
462 1246 563 1320 altiits
582 1267 774 1344 penetrare,
805 1250 839 1318 &
873 1271 996 1318 areana
1028 1244 1164 1341 imperii
1198 1265 1273 1316 ten-

299 1364 388 1437 tari:
409 1365 570 1439 Tiberius
586 1386 703 1438 tamen
720 1369 814 1462 quast
832 1385 1019 1462 augeretur
1038 1363 1185 1460 potestas
1202 1362 1274 1459 ejus

299 1484 477 1560 dissemit:
514 1488 676 1558 “Grave
700 1483 930 1558 moderationi
957 1483 1024 1555 suae
1049 1502 1099 1554 tot
1131 1482 1273 1580 eligere,

302 1611 330 1646 “
347 1624 399 1676 tot
426 1605 590 1678 differre:
622 1604 682 1677 vix
700 1630 761 1700 per
778 1605 930 1700 singulos
946 1627 1055 1674 annos
1072 1601 1275 1674 offenfiones

303 1729 330 1764 “
348 1722 464 1812 vitari,
494 1723 655 1820 quamvis
671 1721 841 1818 repulsam
864 1721 1061 1818 propinqua
1086 1717 1160 1814 spes
1188 1715 1274 1790 sole-

303 1848 330 1884 “
347 1860 427 1914 tur:
453 1860 627 1939 quantum
642 1842 715 1914 odii
731 1839 805 1914 fore
821 1843 866 1913 ab
892 1839 961 1929 his,
989 1839 1051 1936 qui
1066 1840 1156 1911 ultra
1173 1836 1275 1935 quin-

302 1967 331 2003 “
350 1961 541 2056 quennium
574 1959 823 2058 projiciantur!
863 1960 959 2032 unde
988 1955 1138 2054 prospici
1166 1957 1275 2053 posse,

302 2084 330 2122 “
348 2079 579 2183 quaetuique
605 2099 679 2151 tam
707 2080 817 2176 longo
845 2076 1009 2174 temporis
1034 2074 1143 2171 spatio
1161 2099 1274 2165 mens,

301 2205 329 2240 “
346 2197 488 2288 domus,
506 2197 671 2271 fortuna?
697 2196 868 2294 superbire
896 2196 1056 2268 homines
1084 2194 1188 2268 etiam
1213 2219 1273 2266 an·

301 2324 329 2360 “
345 2322 415 2391 nuh
429 2317 689 2415 designatione:
718 2317 853 2414 quidsi
885 2318 1055 2390 honorem
1081 2339 1142 2411 per
1171 2313 1273 2410 quin-

301 2442 329 2480 “
346 2436 538 2534 quennium
555 2437 712 2533 agitent?
744 2434 1011 2533 quinquiplicari
1040 2432 1173 2530 prorsus
1199 2459 1276 2506 ma·

301 2560 329 2598 “
348 2554 519 2652 gisbotus,
536 2553 686 2628 subverti
719 2556 827 2652 leges,
853 2580 931 2651 quae
959 2553 1017 2626 sua
1048 2551 1154 2648 spatia
1174 2578 1275 2626 exer-

301 2681 328 2716 “
347 2675 466 2746 eendae
490 2674 756 2746 candidatorum
783 2671 974 2762 industriae,
1014 2671 1276 2768 quaerendisque

302 2800 329 2835 “
347 2815 406 2866 aut
423 2793 598 2890 potiundis
615 2792 804 2865 honoribus
820 2787 1030 2864 statuerint.''

360 2912 551 2986 XXXVII.
592 2913 848 2984 anonnrrnr
879 2905 1090 3003 inspeciem
1119 2907 1276 2982 oratione

300 3030 373 3103 vim
388 3030 525 3127 imperii
549 3030 674 3120 tenuit,
696 3029 891 3126 *censusque
913 3003 1146 3124 quorumdam
1179 3025 1274 3097 sena-

299 3170 415 3223 torum
433 3148 550 3246 juvit:
581 3149 653 3246 qui)
669 3149 783 3246 magis
800 3148 930 3221 mirum
948 3144 1139 3242 suit‚·qubd
1156 3169 1275 3241 preces

298 3270 356 3341 M.
380 3268 522 3344 Hortali
544 3268 672 3341 nobilis
689 3266 844 3365 juvenis,
874 3267 910 3339 in
939 3271 1138 3363 paupertate
1164 3263 1274 3337 mani-

298 3385 393 3477 feste,
423 3386 599 3484 superbiirs
631 3387 824 3483 accepisset.
880 3387 1004 3483 Nepos
1033 3405 1102 3458 erat
1133 3384 1274 3457 oratoris

298 3507 486 3597 Honensri,
522 3506 667 3579 inleetus
702 3532 724 3577 a
762 3506 847 3578 divo
882 3505 1043 3602 Augusto
1073 3504 1276 3577 liberalitate

296 3625 410 3697 decies
438 3624 576 3698 sestertii
606 3627 734 3699 ducere
763 3651 926 3714 uxorem,
950 3621 1115 3719 suscipere
1134 3624 1274 3713 liberos,

296 3769 341 3816 ne
367 3744 547 3816 clarissima
572 3744 1003 3842 forniliaexstingueretur.
1053 3743 1166 3840 Igitur
1187 3769 1274 3840 qua·

298 3880 377 3936 tuor
393 3863 472 3934 filiis
487 3885 569 3936 ante
598 3863 707 3936 limen
731 3864 833 3937 curiae
850 3863 1076 3953 adstantibus,
1103 3864 1183 3935 loco
1200 3862 1274 3934 sen·

299 3980 429 4071 tentiae,
455 3983 537 4056 eiun
561 3982 598 4056 in
620 3983 750 4081 palatio
778 3982 912 4057 senatus
937 3986 1131 4072 haberetur,
1167 3981 1277 4055 modo

771 4105 813 4176 H
