3259 5284
545 571 852 645 Arruntium
886 571 995 644 L1u.
1029 569 1074 644 ll.
1228 589 1270 669 77

300 761 361 820 aut
385 743 541 818 modicas
568 744 692 818 insulas
717 744 1008 832 circumveniens,
1042 742 1135 838 apud
1178 742 1271 838 prin-

301 867 434 962 cipium
458 865 532 961 agri
558 864 691 955 Batavi,
714 866 811 936 velut
833 864 869 935 in
892 865 979 935 duos
1002 886 1121 934 amnes
1146 861 1272 935 dividi·

299 1006 368 1072 tur,
393 983 571 1078 servatque
604 1009 734 1055 nomen
764 987 795 1055 δι
821 981 1022 1054 violentiam
1044 983 1175 1070 curstls,
1202 983 1272 1078 qua

300 1101 524 1175 Germaniam
553 1101 774 1196 praeuehitur,
809 1103 922 1174 donec
959 1103 1101 1172 Oceano
1131 1099 1270 1173 miscea-

300 1240 379 1294 tur:
414 1221 459 1292 ad
492 1221 664 1292 Gallicam
701 1221 814 1316 ripam
840 1219 939 1291 latior
961 1224 994 1290 lle
1021 1218 1188 1314 placidior
1209 1221 1270 1291 ad-

302 1343 426 1429 fluens,
458 1338 553 1412 verso
591 1358 829 1436 cognomento
864 1339 1009 1410 Vahalem
1048 1339 1175 1410 accolae
1216 1338 1270 1410 di·

299 1480 407 1531 cunt:
448 1484 534 1530 mox
550 1457 598 1530 fid
632 1483 772 1554 quoque
795 1457 1006 1530 vocabulum
1042 1477 1152 1528 mutat
1177 1457 1271 1550 Mosa

300 1577 457 1665 flumine,
480 1576 618 1674 ejusque
640 1573 807 1648 immenso
831 1600 891 1648 ore
915 1576 1077 1647 eumdem
1102 1575 1137 1646 in
1159 1578 1269 1648 Ocea-

299 1721 384 1768 num
409 1694 608 1768 effunditur.

346 1817 424 1886 Vll.
451 1819 525 1888 San
545 1816 703 1904 Crnsnn,
727 1816 814 1888 dum
835 1816 1023 1914 adiguntur
1044 1841 1163 1907 naves,
1192 1815 1267 1889 Sili-

297 1959 359 2006 um
384 1936 537 2030 legatum
562 1961 643 2006 curn
661 1935 822 2031 expedita
847 1961 952 2006 manu
977 1934 1213 2031 inruptionem
1231 1936 1268 2008 in

295 2055 413 2126 Cattos
433 2052 544 2126 faeere
557 2053 682 2152 jubet:
719 2052 803 2151 ipse,
829 2055 946 2127 audito
967 2055 1143 2127 castellum
1166 2057 1267 2152 Lup-

297 2172 364 2268 piae
389 2173 524 2246 flumini
548 2175 744 2270 adposrtum
772 2173 931 2262 obsideri,
964 2172 1020 2246 sex
1049 2173 1202 2270 legiones
1225 2174 1267 2246 ed

297 2292 407 2364 duxit.
457 2294 584 2390 Neque
599 2293 682 2365 Silio
707 2295 754 2365 ob
781 2291 910 2365 subitos
933 2292 1062 2366 imbres
1089 2293 1183 2367 aliud
1210 2320 1267 2368 ac-

296 2429 387 2499 tum,
407 2411 513 2506 quim
532 2431 572 2483 ut
601 2411 777 2484 modicam
802 2413 970 2508 praedam,
998 2417 1031 2484 &
1059 2412 1147 2510 Arpi
1171 2414 1266 2511 prin-

299 2529 384 2625 cipis
427 2530 609 2603 Cattorum
647 2529 847 2628 conjugem,
889 2530 1069 2627 filiamque
1105 2555 1263 2628 raperet:

293 2674 407 2744 neque
422 2648 543 2721 Caesari
560 2649 698 2746 copiam
722 2675 850 2746 pugnae
866 2648 1048 2722 obsessores
1066 2649 1190 2742 fecere,
1220 2655 1265 2725 ad

293 2765 422 2840 samam
447 2769 617 2840 adventlrs
639 2766 710 2864 ejus
733 2770 865 2864 dilapsi.
926 2769 1123 2842 Tumulum
1149 2789 1264 2842 tamen

293 2913 403 2984 nuper
424 2886 579 2959 Varianis
606 2887 800 2985 legionibus
832 2885 1010 2974 struslum,
1045 2891 1078 2958 &
1111 2909 1263 2962 veterem

292 3031 386 3078 aram
404 3005 516 3080 Druso
541 3009 635 3079 sitam
647 3005 872 3102 disjecerant:
897 3005 1040 3080 restituit
1057 3033 1175 3092 aram;
1199 3009 1262 3080 ho·

247 3159 251 3168 -
292 3124 439 3221 notique
467 3125 568 3220 patris
592 3124 752 3222 princeps
780 3122 850 3222 ipse
879 3151 961 3198 cum
986 3125 1181 3224 legionibus
1201 3130 1262 3200 de·

291 3243 452 3316 cucurrit.
489 3245 686 3317 Tumulum
702 3244 823 3317 iterare
839 3245 932 3316 haud
944 3243 1077 3318 visum:
1108 3249 1139 3318 bc
1157 3271 1262 3318 cunc·
1370 3271 1373 3278 ’

288 3379 324 3433 ta
350 3361 438 3434 inter
467 3361 646 3435 castellum
668 3363 860 3453 Alisonem,
891 3389 931 3437 ac
956 3366 1139 3455 Rhenum,
1164 3365 1263 3440 noris

287 3479 469 3571 limitibus,
497 3481 750 3579 aggeribusque
767 3481 972 3580 permunita.

336 3601 431 3672 VIII.
458 3603 626 3695 Jamque
642 3603 748 3675 classis
765 3603 966 3692 advenerat,
989 3603 1071 3676 clun
1094 3604 1262 3700 praemiffo

288 3739 500 3808 commeatu,
538 3725 571 3793 δι
599 3719 785 3794 distributis
814 3720 850 3792 in
878 3721 1030 3818 legiones
1071 3747 1111 3795 ac
1151 3722 1260 3797 socios

291 3835 451 3926 navibus,
476 3835 610 3929 fossam,
634 3841 690 3914 cui
717 3839 885 3932 Drustanae
911 3867 1053 3932 nomen,
1079 3841 1260 3940 ingressus,

292 3955 518 4054 precatusque
543 3958 696 4033 Drusum
720 3980 867 4058 patrem,
896 3968 923 4004 “
937 3981 976 4035 ut
1000 3959 1032 4036 se
1056 3963 1176 4036 eadem
1200 3987 1260 4035 au·
