3259 5284
382 616 450 689 ¹54
592 592 634 665 C.
665 591 934 667 Conuenit
965 592 1169 669 Tncrrr

374 785 489 841 vetere
513 766 677 841 memoris
702 764 866 859 facinore,
890 768 1080 841 decumum
1096 792 1272 867 quemque
1287 770 1339 869 ig·

374 885 573 961 nominiosae
606 886 771 977 cohortis,
813 886 901 961 sorte
933 888 1069 979 ductos,
1115 885 1193 961 susti
1230 910 1340 963 necat.

373 1004 601 1102 Tanttimque
635 1004 811 1079 severitate
848 1005 1055 1105 profestum,
1097 1026 1138 1080 ut
1172 1008 1343 1083 vexillum

375 1142 634 1215 veteranorum,
659 1151 730 1197 non
740 1125 887 1223 amplibs
898 1124 1078 1225 quingenti
1094 1150 1250 1215 numero,
1269 1126 1339 1199 eas-

373 1244 457 1317 dem
484 1242 710 1317 Tacfarinatis
730 1244 860 1343 copias,
898 1244 1107 1341 praesidium,
1142 1244 1198 1319 cui
1223 1246 1337 1317 Thala

373 1388 518 1453 nomen,
554 1365 726 1462 adgressas
757 1362 935 1437 fuderint:
978 1388 1050 1461 quo
1078 1362 1203 1459 proelio
1227 1364 1342 1438 Rufus

375 1483 539 1576 Helvius,
562 1484 736 1582 gregarius
750 1483 863 1573 miles,
889 1480 1008 1557 servati
1026 1481 1111 1556 civis
1127 1484 1233 1555 decus
1249 1504 1341 1555 retu-

375 1602 428 1693 lit,
454 1600 667 1701 donatusque
683 1602 730 1675 est
744 1604 789 1677 ab
805 1602 964 1699 Apronio
980 1602 1160 1701 torquibus
1176 1606 1209 1675 &
1227 1602 1341 1675 hasta:

374 1720 487 1797 Caesar
502 1722 635 1795 addidit
650 1721 798 1797 civicam
814 1747 993 1812 coronam,
1020 1728 1047 1764 “
1067 1720 1162 1819 qubd
1179 1747 1250 1794 non
1267 1748 1344 1795 eam

377 1850 406 1887 “
422 1864 562 1940 quoque
591 1840 769 1938 Apronius
789 1838 867 1939 jure
895 1838 1106 1939 proconsulis
1137 1838 1344 1931 tribuisset‚”

374 1959 513 2057 questus
540 1958 665 2058 magis,
692 1960 800 2058 quarn
827 1958 986 2033 offensus.
1035 1960 1101 2032 Sed
1128 1958 1343 2051 Tacfarinas,

376 2081 537 2176 perculsis
557 2078 737 2169 Numidis,
764 2078 944 2153 &obsidia
959 2076 1229 2175 aspernantibus,
1254 2080 1346 2177 spar-

375 2197 427 2295 git
443 2200 601 2284 bellum3
626 2198 687 2271 ubi
712 2197 903 2289 instaretur,
930 2199 1069 2288 cedens,
1095 2224 1135 2272 ac
1151 2198 1283 2272 rursum
1309 2198 1345 2275 in

375 2336 475 2416 terga
499 2342 677 2391 remeans:
706 2321 739 2390 δι
765 2318 909 2389 dumea
924 2316 1011 2391 ratio
1028 2320 1175 2391 barbaro
1191 2317 1268 2410 suit,
1293 2318 1346 2392 in·

375 2436 482 2511 ritum
497 2434 689 2535 sessumque
706 2440 911 2511 Romanum
928 2436 1071 2535 impund
1089 2438 1344 2511 ludificabatur.

375 2556 568 2654 Postquam
591 2555 736 2629 deflexit
758 2554 803 2628 ad
825 2554 1013 2630 maritimos
1041 2559 1150 2649 locos,
1183 2556 1347 2655 inligatus

375 2678 506 2777 praedd,
518 2674 646 2749 stativis
658 2674 769 2749 castris
781 2676 989 2750 adhaerebat:
1005 2676 1104 2750 missu
1118 2676 1220 2774 patris
1231 2682 1347 2775 Apro-

375 2796 454 2871 nius
477 2798 646 2871 Caesranus
667 2822 749 2871 curn
770 2796 888 2894 equite
912 2801 946 2871 δε
970 2796 1170 2869 cohortibus
1187 2795 1348 2868 auxiliar-

375 2917 432 3009 iis,
456 2918 536 3014 quis
548 2916 774 2990 velocissimos
783 2916 964 3015 legionum
976 2914 1168 3006 addiderat,
1192 2913 1347 3012 prosper-

373 3062 434 3109 am
450 3036 635 3111 adversbm
647 3036 821 3114 Numidas
837 3060 994 3134 pugnam
1011 3034 1104 3125 facit,
1131 3034 1297 3132 pellitque
1313 3034 1348 3109 in

373 3154 518 3229 deserta.

424 3276 543 3349 XXII.
572 3281 631 3349 Ar
662 3279 796 3349 Ronn
819 3274 971 3371 Lepida,
997 3274 1053 3347 cui
1069 3272 1168 3373 super
1183 3273 1348 3349 AEmilio·

376 3419 454 3467 rum
469 3395 577 3466 decus
591 3397 637 3466 L.
654 3396 748 3467 Sulla
758 3420 799 3466 ac
811 3394 878 3465 Cn.
895 3394 1081 3491 Pompeius
1098 3394 1217 3491 proavi
1235 3414 1342 3483 erant,

374 3512 530 3586 defertur
547 3520 573 3555 “
589 3512 790 3585 simulavisse
807 3531 947 3608 parturn
959 3536 1004 3583 ex
1016 3514 1057 3583 P.
1070 3512 1231 3610 Qirinio
1241 3512 1351 3586 divite

377 3640 405 3675 “
423 3652 528 3729 atque
553 3632 687 3706 orbo:''
715 3628 965 3729 adjiciebantur
990 3637 1017 3673 “
1035 3631 1214 3723 adulteria,
1245 3656 1351 3704 vene·

377 3760 406 3796 “
424 3778 486 3838 na,
511 3756 764 3849 quaesitumque
780 3776 841 3847 per
857 3751 1039 3823 Chaldaeos
1055 3749 1089 3857 in
1107 3751 1255 3825 domurn
1272 3752 1350 3824 Cae-

378 3878 406 3915 “
424 3871 541 3963 saris,''
566 3870 773 3944 defendente
789 3896 884 3943 ream
901 3869 1028 3943 Manio
1055 3869 1212 3967 Lepido,
1237 3868 1351 3949 fratre,

375 3991 567 4092 Qirinius,
594 3991 670 4093 post
690 3990 824 4065 diuum
846 3990 1030 4089 repudium
1051 3990 1168 4070 adhuc
1190 3988 1353 4079 infensus,
