<?xml version="1.0" encoding="UTF-8"?>
<!DOCTYPE html PUBLIC "-//W3C//DTD XHTML 1.0 Transitional//EN"
    "http://www.w3.org/TR/xhtml1/DTD/xhtml1-transitional.dtd">
<html xmlns="http://www.w3.org/1999/xhtml" xml:lang="en" lang="en">
 <head>
  <title>
</title>
<meta http-equiv="Content-Type" content="text/html;charset=utf-8" />
  <meta name='ocr-system' content='tesseract 3.04.00' />
  <meta name='ocr-capabilities' content='ocr_page ocr_carea ocr_par ocr_line ocrx_word'/>
</head>
<body>
  <div class='ocr_page' id='page_1' title='image "./ccorneliitaciti04freigoog_0066.png"; bbox 0 0 3259 5284; ppageno 0'>
   <div class='ocr_carea' id='block_1_1' title="bbox 368 635 1136 716">
    <p class='ocr_par' dir='ltr' id='par_1_1' title="bbox 368 635 1136 716">
     <span class='ocr_line' id='line_1_1' title="bbox 368 635 1136 716; baseline -0.005 0"><span class='ocrx_word' id='word_1_1' title='bbox 368 645 389 716; x_wconf 81' lang='lat'>8</span> <span class='ocrx_word' id='word_1_2' title='bbox 560 641 602 714; x_wconf 88' lang='lat' dir='ltr'>C.</span> <span class='ocrx_word' id='word_1_3' title='bbox 629 637 898 713; x_wconf 69' lang='lat' dir='ltr'>eornm</span> <span class='ocrx_word' id='word_1_4' title='bbox 930 635 1136 712; x_wconf 79' lang='lat' dir='ltr'>Tnerrr</span> 
     </span>
    </p>
   </div>
   <div class='ocr_carea' id='block_1_2' title="bbox 284 805 1366 4002">
    <p class='ocr_par' dir='ltr' id='par_1_2' title="bbox 284 805 1350 2934">
     <span class='ocr_line' id='line_1_2' title="bbox 366 805 1339 910; baseline -0.002 -26"><span class='ocrx_word' id='word_1_5' title='bbox 366 810 477 886; x_wconf 89' lang='lat' dir='ltr'>filium</span> <span class='ocrx_word' id='word_1_6' title='bbox 494 811 565 910; x_wconf 87' lang='lat' dir='ltr'>ejus</span> <span class='ocrx_word' id='word_1_7' title='bbox 593 811 881 888; x_wconf 87' lang='lat' dir='ltr'>senatusconsulto</span> <span class='ocrx_word' id='word_1_8' title='bbox 906 809 1103 898; x_wconf 78' lang='lat' dir='ltr'>sanciretur,</span> <span class='ocrx_word' id='word_1_9' title='bbox 1131 805 1339 907; x_wconf 68' lang='lat' dir='ltr'>perferent:</span> 
     </span>
     <span class='ocr_line' id='line_1_3' title="bbox 367 929 1342 1031; baseline -0.004 -25"><span class='ocrx_word' id='word_1_10' title='bbox 367 932 520 1006; x_wconf 70' lang='lat' dir='ltr'>ceterum</span> <span class='ocrx_word' id='word_1_11' title='bbox 533 933 568 1005; x_wconf 89' lang='lat' dir='ltr'>in</span> <span class='ocrx_word' id='word_1_12' title='bbox 578 933 706 1007; x_wconf 85' lang='lat' dir='ltr'>nullius</span> <span class='ocrx_word' id='word_1_13' title='bbox 714 958 884 1031; x_wconf 81' lang='lat' dir='ltr'>umquam</span> <span class='ocrx_word' id='word_1_14' title='bbox 895 929 1033 1004; x_wconf 84' lang='lat' dir='ltr'>suorum</span> <span class='ocrx_word' id='word_1_15' title='bbox 1048 953 1172 1002; x_wconf 81' lang='lat' dir='ltr'>nocem</span> <span class='ocrx_word' id='word_1_16' title='bbox 1180 930 1342 1004; x_wconf 80' lang='lat' dir='ltr'>duravit:</span> 
     </span>
     <span class='ocr_line' id='line_1_4' title="bbox 367 1048 1344 1151; baseline -0.001 -28"><span class='ocrx_word' id='word_1_17' title='bbox 367 1075 483 1149; x_wconf 88' lang='lat' dir='ltr'>neque</span> <span class='ocrx_word' id='word_1_18' title='bbox 499 1073 647 1128; x_wconf 90' lang='lat' dir='ltr'>mortem</span> <span class='ocrx_word' id='word_1_19' title='bbox 673 1054 793 1150; x_wconf 84' lang='lat' dir='ltr'>nepoti</span> <span class='ocrx_word' id='word_1_20' title='bbox 811 1076 874 1151; x_wconf 92' lang='lat' dir='ltr'>pro</span> <span class='ocrx_word' id='word_1_21' title='bbox 888 1048 1064 1124; x_wconf 83' lang='lat' dir='ltr'>securitate</span> <span class='ocrx_word' id='word_1_22' title='bbox 1089 1049 1242 1148; x_wconf 81' lang='lat' dir='ltr'>privigni</span> <span class='ocrx_word' id='word_1_23' title='bbox 1258 1049 1344 1122; x_wconf 81' lang='lat' dir='ltr'>inla-</span> 
     </span>
     <span class='ocr_line' id='line_1_5' title="bbox 368 1169 1345 1270; baseline -0.002 -26"><span class='ocrx_word' id='word_1_24' title='bbox 368 1189 457 1260; x_wconf 86' lang='lat' dir='ltr'>tam,</span> <span class='ocrx_word' id='word_1_25' title='bbox 487 1171 652 1246; x_wconf 85' lang='lat' dir='ltr'>credibile</span> <span class='ocrx_word' id='word_1_26' title='bbox 683 1193 765 1246; x_wconf 81' lang='lat' dir='ltr'>erat.</span> <span class='ocrx_word' id='word_1_27' title='bbox 813 1171 961 1270; x_wconf 77' lang='lat' dir='ltr'>Propius</span> <span class='ocrx_word' id='word_1_28' title='bbox 976 1195 1075 1260; x_wconf 83' lang='lat' dir='ltr'>vero,</span> <span class='ocrx_word' id='word_1_29' title='bbox 1107 1169 1289 1244; x_wconf 84' lang='lat' dir='ltr'>Tiberium</span> <span class='ocrx_word' id='word_1_30' title='bbox 1304 1193 1345 1242; x_wconf 75' lang='lat' dir='ltr'>ac</span> 
     </span>
     <span class='ocr_line' id='line_1_6' title="bbox 335 1287 1343 1382; baseline 0 -22"><span class='ocrx_word' id='word_1_31' title='bbox 335 1353 338 1360; x_wconf 28' lang='lat' dir='ltr'>r</span> <span class='ocrx_word' id='word_1_32' title='bbox 369 1289 525 1382; x_wconf 80' lang='lat' dir='ltr'>Liviam,</span> <span class='ocrx_word' id='word_1_33' title='bbox 560 1292 660 1365; x_wconf 90' lang='lat' dir='ltr'>illum</span> <span class='ocrx_word' id='word_1_34' title='bbox 692 1312 801 1381; x_wconf 88' lang='lat' dir='ltr'>metu,</span> <span class='ocrx_word' id='word_1_35' title='bbox 835 1293 925 1364; x_wconf 69' lang='lat' dir='ltr'>hanc</span> <span class='ocrx_word' id='word_1_36' title='bbox 969 1288 1206 1363; x_wconf 79' lang='lat' dir='ltr'>novercalibus</span> <span class='ocrx_word' id='word_1_37' title='bbox 1237 1287 1343 1377; x_wconf 80' lang='lat' dir='ltr'>odiis,</span> 
     </span>
     <span class='ocr_line' id='line_1_7' title="bbox 368 1405 1344 1510; baseline -0.002 -30"><span class='ocrx_word' id='word_1_38' title='bbox 368 1405 513 1505; x_wconf 71' lang='lat' dir='ltr'>suspesti</span> <span class='ocrx_word' id='word_1_39' title='bbox 531 1414 565 1482; x_wconf 71' lang='grc' dir='ltr'>δι</span> <span class='ocrx_word' id='word_1_40' title='bbox 582 1410 678 1484; x_wconf 76' lang='lat' dir='ltr'>invisi</span> <span class='ocrx_word' id='word_1_41' title='bbox 690 1409 830 1510; x_wconf 86' lang='lat' dir='ltr'>juvenis</span> <span class='ocrx_word' id='word_1_42' title='bbox 846 1411 979 1485; x_wconf 70' lang='lat' dir='ltr'>cedem</span> <span class='ocrx_word' id='word_1_43' title='bbox 993 1407 1206 1482; x_wconf 80' lang='lat' dir='ltr'>ses’tintviffe.</span> <span class='ocrx_word' id='word_1_44' title='bbox 1239 1409 1344 1480; x_wconf 86' lang='lat' dir='ltr'>Nun·</span> 
     </span>
     <span class='ocr_line' id='line_1_8' title="bbox 284 1514 1346 1620; baseline 0.001 -22"><span class='ocrx_word' id='word_1_45' title='bbox 284 1514 287 1522; x_wconf 62' lang='grc'><strong><em>’</em></strong></span> <span class='ocrx_word' id='word_1_46' title='bbox 370 1526 470 1600; x_wconf 86' lang='lat' dir='ltr'>tianti</span> <span class='ocrx_word' id='word_1_47' title='bbox 497 1529 702 1620; x_wconf 88' lang='lat' dir='ltr'>centurioni,</span> <span class='ocrx_word' id='word_1_48' title='bbox 729 1550 769 1604; x_wconf 91' lang='lat' dir='ltr'>ut</span> <span class='ocrx_word' id='word_1_49' title='bbox 794 1556 871 1604; x_wconf 82' lang='lat' dir='ltr'>mos</span> <span class='ocrx_word' id='word_1_50' title='bbox 902 1527 1049 1618; x_wconf 77' lang='lat' dir='ltr'>militiae,</span> <span class='ocrx_word' id='word_1_51' title='bbox 1079 1534 1106 1570; x_wconf 91' lang='lat'>“</span> <span class='ocrx_word' id='word_1_52' title='bbox 1122 1523 1253 1600; x_wconf 64' lang='lat' dir='ltr'>factm</span> <span class='ocrx_word' id='word_1_53' title='bbox 1277 1527 1346 1600; x_wconf 81' lang='lat' dir='ltr'>effe</span> 
     </span>
     <span class='ocr_line' id='line_1_9' title="bbox 372 1641 1343 1746; baseline -0.003 -26"><span class='ocrx_word' id='word_1_54' title='bbox 372 1651 404 1689; x_wconf 91' lang='lat'><strong>“</strong></span> <span class='ocrx_word' id='word_1_55' title='bbox 421 1649 519 1744; x_wconf 90' lang='lat' dir='ltr'>quod</span> <span class='ocrx_word' id='word_1_56' title='bbox 546 1649 738 1746; x_wconf 78' lang='lat' dir='ltr'>imperasset</span> <span class='ocrx_word' id='word_1_57' title='bbox 748 1650 796 1720; x_wconf 90' lang='lat'>&#39;&#39;:</span> <span class='ocrx_word' id='word_1_58' title='bbox 817 1655 978 1746; x_wconf 89' lang='lat' dir='ltr'>“neque</span> <span class='ocrx_word' id='word_1_59' title='bbox 1006 1647 1183 1745; x_wconf 74' lang='lat' dir='ltr'>imperasse</span> <span class='ocrx_word' id='word_1_60' title='bbox 1198 1641 1278 1734; x_wconf 87' lang='lat' dir='ltr'>sese,</span> <span class='ocrx_word' id='word_1_61' title='bbox 1308 1648 1343 1718; x_wconf 70' lang='lat' dir='ltr'>dt</span> 
     </span>
     <span class='ocr_line' id='line_1_10' title="bbox 374 1755 1345 1862; baseline -0.001 -25"><span class='ocrx_word' id='word_1_62' title='bbox 374 1771 403 1809; x_wconf 90' lang='lat'><strong>“</strong></span> <span class='ocrx_word' id='word_1_63' title='bbox 420 1765 587 1840; x_wconf 88' lang='lat' dir='ltr'>rationem</span> <span class='ocrx_word' id='word_1_64' title='bbox 603 1768 682 1840; x_wconf 72' lang='lat' dir='ltr'>fatti</span> <span class='ocrx_word' id='word_1_65' title='bbox 700 1769 912 1841; x_wconf 81' lang='lat' dir='ltr'>reddendam</span> <span class='ocrx_word' id='word_1_66' title='bbox 942 1767 1037 1862; x_wconf 81' lang='lat' dir='ltr'>apud</span> <span class='ocrx_word' id='word_1_67' title='bbox 1065 1755 1261 1854; x_wconf 73' lang='lat' dir='ltr'>senatum3³&#39;</span> <span class='ocrx_word' id='word_1_68' title='bbox 1292 1787 1345 1837; x_wconf 89' lang='lat' dir='ltr'>re·</span> 
     </span>
     <span class='ocr_line' id='line_1_11' title="bbox 371 1881 1345 1985; baseline 0 -29"><span class='ocrx_word' id='word_1_69' title='bbox 371 1881 521 1980; x_wconf 85' lang='lat' dir='ltr'>spondit.</span> <span class='ocrx_word' id='word_1_70' title='bbox 546 1887 657 1984; x_wconf 78' lang='lat' dir='ltr'>Qod</span> <span class='ocrx_word' id='word_1_71' title='bbox 674 1887 855 1985; x_wconf 79' lang='lat' dir='ltr'>postquam</span> <span class='ocrx_word' id='word_1_72' title='bbox 870 1885 1045 1959; x_wconf 78' lang='lat' dir='ltr'>Sallustius</span> <span class='ocrx_word' id='word_1_73' title='bbox 1059 1881 1213 1980; x_wconf 68' lang='lat' dir='ltr'>Crispus,</span> <span class='ocrx_word' id='word_1_74' title='bbox 1240 1881 1345 1979; x_wconf 84' lang='lat' dir='ltr'>parti-</span> 
     </span>
     <span class='ocr_line' id='line_1_12' title="bbox 370 2000 1347 2102; baseline -0.006 -24"><span class='ocrx_word' id='word_1_75' title='bbox 370 2029 454 2102; x_wconf 80' lang='lat' dir='ltr'>ceps</span> <span class='ocrx_word' id='word_1_76' title='bbox 470 2003 674 2079; x_wconf 84' lang='lat' dir='ltr'>secretorum</span> <span class='ocrx_word' id='word_1_77' title='bbox 705 2005 763 2100; x_wconf 90' lang='lat' dir='ltr'>(is</span> <span class='ocrx_word' id='word_1_78' title='bbox 777 2007 825 2079; x_wconf 87' lang='lat' dir='ltr'>ad</span> <span class='ocrx_word' id='word_1_79' title='bbox 850 2005 1030 2077; x_wconf 65' lang='lat' dir='ltr'>trburtum</span> <span class='ocrx_word' id='word_1_80' title='bbox 1045 2000 1179 2076; x_wconf 65' lang='lat' dir='ltr'>rnissrat</span> <span class='ocrx_word' id='word_1_81' title='bbox 1200 2000 1347 2073; x_wconf 84' lang='lat' dir='ltr'>codicil-</span> 
     </span>
     <span class='ocr_line' id='line_1_13' title="bbox 373 2118 1347 2221; baseline -0.005 -25"><span class='ocrx_word' id='word_1_82' title='bbox 373 2123 446 2216; x_wconf 69' lang='lat' dir='ltr'>los)</span> <span class='ocrx_word' id='word_1_83' title='bbox 464 2123 655 2221; x_wconf 80' lang='lat' dir='ltr'>comperit3</span> <span class='ocrx_word' id='word_1_84' title='bbox 682 2143 838 2197; x_wconf 83' lang='lat' dir='ltr'>memens</span> <span class='ocrx_word' id='word_1_85' title='bbox 854 2147 900 2196; x_wconf 86' lang='lat' dir='ltr'>ne</span> <span class='ocrx_word' id='word_1_86' title='bbox 915 2147 992 2196; x_wconf 84' lang='lat' dir='ltr'>reus</span> <span class='ocrx_word' id='word_1_87' title='bbox 1006 2122 1218 2209; x_wconf 79' lang='lat' dir='ltr'>subderetur,</span> <span class='ocrx_word' id='word_1_88' title='bbox 1241 2118 1347 2217; x_wconf 74' lang='lat' dir='ltr'>juxtlt</span> 
     </span>
     <span class='ocr_line' id='line_1_14' title="bbox 374 2239 1345 2340; baseline -0.004 -24"><span class='ocrx_word' id='word_1_89' title='bbox 374 2240 563 2340; x_wconf 85' lang='lat' dir='ltr'>periculoso</span> <span class='ocrx_word' id='word_1_90' title='bbox 574 2244 656 2314; x_wconf 75' lang='lat' dir='ltr'>fic‘ta</span> <span class='ocrx_word' id='word_1_91' title='bbox 670 2240 728 2315; x_wconf 88' lang='lat' dir='ltr'>seu</span> <span class='ocrx_word' id='word_1_92' title='bbox 742 2267 824 2316; x_wconf 79' lang='lat' dir='ltr'>vera</span> <span class='ocrx_word' id='word_1_93' title='bbox 836 2260 1019 2339; x_wconf 82' lang='lat' dir='ltr'>promeret,</span> <span class='ocrx_word' id='word_1_94' title='bbox 1037 2239 1174 2314; x_wconf 87' lang='lat' dir='ltr'>monuit</span> <span class='ocrx_word' id='word_1_95' title='bbox 1188 2239 1345 2329; x_wconf 72' lang='lat' dir='ltr'>litim,</span> 
     </span>
     <span class='ocr_line' id='line_1_15' title="bbox 368 2358 1346 2452; baseline -0.003 -18"><span class='ocrx_word' id='word_1_96' title='bbox 368 2365 407 2434; x_wconf 75' lang='lat'>·‘.‘</span> <span class='ocrx_word' id='word_1_97' title='bbox 441 2385 485 2432; x_wconf 90' lang='lat' dir='ltr'>ne</span> <span class='ocrx_word' id='word_1_98' title='bbox 531 2385 653 2434; x_wconf 78' lang='lat' dir='ltr'>arcana</span> <span class='ocrx_word' id='word_1_99' title='bbox 692 2362 834 2452; x_wconf 77' lang='lat' dir='ltr'>domsrs,</span> <span class='ocrx_word' id='word_1_100' title='bbox 873 2383 918 2432; x_wconf 87' lang='lat' dir='ltr'>ne</span> <span class='ocrx_word' id='word_1_101' title='bbox 961 2359 1100 2432; x_wconf 74' lang='lat' dir='ltr'>consilia</span> <span class='ocrx_word' id='word_1_102' title='bbox 1139 2358 1346 2449; x_wconf 78' lang='lat' dir='ltr'>amiconun,</span> 
     </span>
     <span class='ocr_line' id='line_1_16' title="bbox 373 2477 1347 2578; baseline 0 -28"><span class='ocrx_word' id='word_1_103' title='bbox 373 2481 405 2520; x_wconf 86' lang='lat'><strong>“</strong></span> <span class='ocrx_word' id='word_1_104' title='bbox 423 2477 605 2552; x_wconf 83' lang='lat' dir='ltr'>ministeria</span> <span class='ocrx_word' id='word_1_105' title='bbox 622 2479 773 2552; x_wconf 89' lang='lat' dir='ltr'>militum</span> <span class='ocrx_word' id='word_1_106' title='bbox 805 2481 1050 2578; x_wconf 77' lang='lat' dir='ltr'>vulgarentur:</span> <span class='ocrx_word' id='word_1_107' title='bbox 1081 2501 1170 2551; x_wconf 83' lang='lat' dir='ltr'>neve</span> <span class='ocrx_word' id='word_1_108' title='bbox 1183 2478 1347 2551; x_wconf 85' lang='lat' dir='ltr'>Tiberius</span> 
     </span>
     <span class='ocr_line' id='line_1_17' title="bbox 375 2595 1348 2694; baseline 0.004 -26"><span class='ocrx_word' id='word_1_109' title='bbox 375 2595 497 2670; x_wconf 87' lang='lat' dir='ltr'>“vim</span> <span class='ocrx_word' id='word_1_110' title='bbox 523 2595 733 2694; x_wconf 69' lang='lat' dir='ltr'>principatus</span> <span class='ocrx_word' id='word_1_111' title='bbox 761 2596 954 2688; x_wconf 82' lang='lat' dir='ltr'>resolveret,</span> <span class='ocrx_word' id='word_1_112' title='bbox 982 2597 1108 2672; x_wconf 66' lang='lat' dir='ltr'>unua</span> <span class='ocrx_word' id='word_1_113' title='bbox 1121 2599 1167 2670; x_wconf 83' lang='lat' dir='ltr'>ad</span> <span class='ocrx_word' id='word_1_114' title='bbox 1192 2595 1348 2672; x_wconf 74' lang='lat' dir='ltr'>senatum</span> 
     </span>
     <span class='ocr_line' id='line_1_18' title="bbox 374 2715 1349 2813; baseline 0 -24"><span class='ocrx_word' id='word_1_115' title='bbox 374 2722 406 2760; x_wconf 84' lang='lat'><strong><em>“</em></strong></span> <span class='ocrx_word' id='word_1_116' title='bbox 425 2718 594 2790; x_wconf 85' lang='lat' dir='ltr'>vocando.</span> <span class='ocrx_word' id='word_1_117' title='bbox 614 2719 703 2790; x_wconf 87' lang='lat' dir='ltr'>Eam</span> <span class='ocrx_word' id='word_1_118' title='bbox 729 2717 967 2790; x_wconf 88' lang='lat' dir='ltr'>conditionem</span> <span class='ocrx_word' id='word_1_119' title='bbox 977 2719 1049 2789; x_wconf 76' lang='lat' dir='ltr'>else</span> <span class='ocrx_word' id='word_1_120' title='bbox 1075 2715 1280 2813; x_wconf 82' lang='lat' dir='ltr'>imperandi,</span> <span class='ocrx_word' id='word_1_121' title='bbox 1309 2737 1349 2789; x_wconf 91' lang='lat' dir='ltr'>ut</span> 
     </span>
     <span class='ocr_line' id='line_1_19' title="bbox 377 2835 1350 2934; baseline 0 -26"><span class='ocrx_word' id='word_1_122' title='bbox 377 2842 407 2878; x_wconf 88' lang='lat'><strong>“</strong></span> <span class='ocrx_word' id='word_1_123' title='bbox 426 2861 497 2908; x_wconf 93' lang='lat' dir='ltr'>non</span> <span class='ocrx_word' id='word_1_124' title='bbox 512 2835 609 2910; x_wconf 79' lang='lat' dir='ltr'>aliter</span> <span class='ocrx_word' id='word_1_125' title='bbox 624 2836 709 2908; x_wconf 86' lang='lat' dir='ltr'>ratio</span> <span class='ocrx_word' id='word_1_126' title='bbox 736 2836 881 2928; x_wconf 82' lang='lat' dir='ltr'>constet,</span> <span class='ocrx_word' id='word_1_127' title='bbox 909 2836 1019 2934; x_wconf 73' lang='lat' dir='ltr'>quim</span> <span class='ocrx_word' id='word_1_128' title='bbox 1035 2838 1059 2908; x_wconf 90' lang='lat' dir='ltr'>s1</span> <span class='ocrx_word' id='word_1_129' title='bbox 1075 2835 1136 2908; x_wconf 88' lang='lat' dir='ltr'>uni</span> <span class='ocrx_word' id='word_1_130' title='bbox 1152 2837 1350 2909; x_wconf 55' lang='lat' dir='ltr'>reddatur?</span> 
     </span>
    </p>

    <p class='ocr_par' dir='ltr' id='par_1_3' title="bbox 376 2953 1366 4002">
     <span class='ocr_line' id='line_1_20' title="bbox 425 2953 1348 3045; baseline 0.002 -19"><span class='ocrx_word' id='word_1_131' title='bbox 425 2955 506 3028; x_wconf 92' lang='lat' dir='ltr'>Vll.</span> <span class='ocrx_word' id='word_1_132' title='bbox 540 2960 600 3027; x_wconf 85' lang='lat' dir='ltr'>Ar</span> <span class='ocrx_word' id='word_1_133' title='bbox 630 2957 764 3028; x_wconf 73' lang='lat' dir='ltr'>Ronrn</span> <span class='ocrx_word' id='word_1_134' title='bbox 791 2981 888 3028; x_wconf 90' lang='lat' dir='ltr'>ruere</span> <span class='ocrx_word' id='word_1_135' title='bbox 912 2955 949 3026; x_wconf 91' lang='lat' dir='ltr'>in</span> <span class='ocrx_word' id='word_1_136' title='bbox 975 2953 1152 3028; x_wconf 88' lang='lat' dir='ltr'>servitium</span> <span class='ocrx_word' id='word_1_137' title='bbox 1176 2954 1348 3045; x_wconf 81' lang='lat' dir='ltr'>consuler,</span> 
     </span>
     <span class='ocr_line' id='line_1_21' title="bbox 380 3065 1352 3172; baseline -0.001 -25"><span class='ocrx_word' id='word_1_138' title='bbox 380 3093 505 3172; x_wconf 85' lang='lat' dir='ltr'>patres,</span> <span class='ocrx_word' id='word_1_139' title='bbox 536 3098 664 3171; x_wconf 78' lang='lat' dir='ltr'>eques:</span> <span class='ocrx_word' id='word_1_140' title='bbox 684 3065 815 3171; x_wconf 76' lang='lat' dir='ltr'>quanti&gt;</span> <span class='ocrx_word' id='word_1_141' title='bbox 827 3075 906 3171; x_wconf 87' lang='lat' dir='ltr'>quis</span> <span class='ocrx_word' id='word_1_142' title='bbox 917 3074 1099 3162; x_wconf 83' lang='lat' dir='ltr'>inlustrior,</span> <span class='ocrx_word' id='word_1_143' title='bbox 1123 3072 1221 3146; x_wconf 67' lang='lat' dir='ltr'>tanti)</span> <span class='ocrx_word' id='word_1_144' title='bbox 1236 3075 1352 3172; x_wconf 80' lang='lat' dir='ltr'>magis</span> 
     </span>
     <span class='ocr_line' id='line_1_22' title="bbox 376 3190 1350 3288; baseline -0.001 -23"><span class='ocrx_word' id='word_1_145' title='bbox 376 3194 448 3265; x_wconf 85' lang='lat' dir='ltr'>falfi</span> <span class='ocrx_word' id='word_1_146' title='bbox 474 3217 514 3265; x_wconf 81' lang='lat' dir='ltr'>nc</span> <span class='ocrx_word' id='word_1_147' title='bbox 541 3190 749 3281; x_wconf 82' lang='lat' dir='ltr'>festinantes,</span> <span class='ocrx_word' id='word_1_148' title='bbox 778 3194 949 3288; x_wconf 76' lang='lat' dir='ltr'>vultuque</span> <span class='ocrx_word' id='word_1_149' title='bbox 975 3195 1182 3288; x_wconf 84' lang='lat' dir='ltr'>compofito,</span> <span class='ocrx_word' id='word_1_150' title='bbox 1208 3217 1253 3264; x_wconf 85' lang='lat' dir='ltr'>ne</span> <span class='ocrx_word' id='word_1_151' title='bbox 1280 3192 1350 3264; x_wconf 83' lang='lat' dir='ltr'>laeti</span> 
     </span>
     <span class='ocr_line' id='line_1_23' title="bbox 378 3308 1350 3407; baseline 0 -24"><span class='ocrx_word' id='word_1_152' title='bbox 378 3311 517 3384; x_wconf 80' lang='lat' dir='ltr'>excelsu</span> <span class='ocrx_word' id='word_1_153' title='bbox 555 3309 739 3406; x_wconf 84' lang='lat' dir='ltr'>Principis,</span> <span class='ocrx_word' id='word_1_154' title='bbox 774 3337 842 3382; x_wconf 87' lang='lat' dir='ltr'>neu</span> <span class='ocrx_word' id='word_1_155' title='bbox 874 3310 1031 3384; x_wconf 86' lang='lat' dir='ltr'>tristiores</span> <span class='ocrx_word' id='word_1_156' title='bbox 1064 3308 1268 3407; x_wconf 83' lang='lat' dir='ltr'>primordio,</span> <span class='ocrx_word' id='word_1_157' title='bbox 1302 3313 1350 3383; x_wconf 75' lang='lat' dir='ltr'>la-</span> 
     </span>
     <span class='ocr_line' id='line_1_24' title="bbox 380 3427 1352 3527; baseline 0 -25"><span class='ocrx_word' id='word_1_158' title='bbox 380 3429 517 3517; x_wconf 80' lang='lat' dir='ltr'>crimas,</span> <span class='ocrx_word' id='word_1_159' title='bbox 544 3427 724 3525; x_wconf 85' lang='lat' dir='ltr'>gaudium,</span> <span class='ocrx_word' id='word_1_160' title='bbox 754 3430 906 3527; x_wconf 79' lang='lat' dir='ltr'>questus,</span> <span class='ocrx_word' id='word_1_161' title='bbox 924 3429 1135 3504; x_wconf 84' lang='lat' dir='ltr'>adulationes</span> <span class='ocrx_word' id='word_1_162' title='bbox 1152 3427 1352 3503; x_wconf 59' lang='lat' dir='ltr'>miscebant,</span> 
     </span>
     <span class='ocr_line' id='line_1_25' title="bbox 379 3545 1366 3646; baseline 0.002 -26"><span class='ocrx_word' id='word_1_163' title='bbox 379 3551 460 3620; x_wconf 84' lang='lat' dir='ltr'>Sex.</span> <span class='ocrx_word' id='word_1_164' title='bbox 476 3545 662 3644; x_wconf 88' lang='lat' dir='ltr'>Pompeius</span> <span class='ocrx_word' id='word_1_165' title='bbox 691 3552 724 3620; x_wconf 78' lang='grc' dir='ltr'>δι</span> <span class='ocrx_word' id='word_1_166' title='bbox 750 3549 831 3622; x_wconf 75' lang='lat' dir='ltr'>sex.</span> <span class='ocrx_word' id='word_1_167' title='bbox 847 3549 1057 3646; x_wconf 84' lang='lat' dir='ltr'>Appuleius,</span> <span class='ocrx_word' id='word_1_168' title='bbox 1085 3547 1268 3638; x_wconf 75' lang='lat' dir='ltr'>consules,</span> <span class='ocrx_word' id='word_1_169' title='bbox 1283 3550 1366 3646; x_wconf 83' lang='lat' dir='ltr'>pri·.</span> 
     </span>
     <span class='ocr_line' id='line_1_26' title="bbox 381 3665 1355 3767; baseline 0.005 -28"><span class='ocrx_word' id='word_1_170' title='bbox 381 3667 431 3739; x_wconf 92' lang='lat' dir='ltr'>mi</span> <span class='ocrx_word' id='word_1_171' title='bbox 448 3666 484 3738; x_wconf 94' lang='lat' dir='ltr'>in</span> <span class='ocrx_word' id='word_1_172' title='bbox 502 3669 606 3740; x_wconf 82' lang='lat' dir='ltr'>verba</span> <span class='ocrx_word' id='word_1_173' title='bbox 620 3666 753 3740; x_wconf 90' lang='lat' dir='ltr'>Tiberii</span> <span class='ocrx_word' id='word_1_174' title='bbox 770 3665 908 3742; x_wconf 81' lang='lat' dir='ltr'>Caesaris</span> <span class='ocrx_word' id='word_1_175' title='bbox 917 3667 1097 3767; x_wconf 69' lang='lat' dir='ltr'>juravere:</span> <span class='ocrx_word' id='word_1_176' title='bbox 1115 3669 1279 3767; x_wconf 90' lang='lat' dir='ltr'>apudque</span> <span class='ocrx_word' id='word_1_177' title='bbox 1295 3696 1355 3744; x_wconf 80' lang='lat' dir='ltr'>eos</span> 
     </span>
     <span class='ocr_line' id='line_1_27' title="bbox 382 3785 1355 3886; baseline 0.005 -28"><span class='ocrx_word' id='word_1_178' title='bbox 382 3785 478 3859; x_wconf 86' lang='lat' dir='ltr'>Seius</span> <span class='ocrx_word' id='word_1_179' title='bbox 506 3787 642 3876; x_wconf 87' lang='lat' dir='ltr'>Strab0,</span> <span class='ocrx_word' id='word_1_180' title='bbox 671 3790 705 3859; x_wconf 75' lang='grc' dir='ltr'>δι</span> <span class='ocrx_word' id='word_1_181' title='bbox 738 3789 781 3860; x_wconf 88' lang='lat' dir='ltr'>C.</span> <span class='ocrx_word' id='word_1_182' title='bbox 797 3789 1000 3878; x_wconf 75' lang='lat' dir='ltr'>Turauius,</span> <span class='ocrx_word' id='word_1_183' title='bbox 1030 3790 1089 3862; x_wconf 87' lang='lat' dir='ltr'>ille</span> <span class='ocrx_word' id='word_1_184' title='bbox 1121 3789 1355 3886; x_wconf 83' lang='lat' dir='ltr'>praetoriamm</span> 
     </span>
     <span class='ocr_line' id='line_1_28' title="bbox 383 3903 1355 4002; baseline 0.003 -23"><span class='ocrx_word' id='word_1_185' title='bbox 383 3905 578 3979; x_wconf 86' lang='lat' dir='ltr'>cohortium</span> <span class='ocrx_word' id='word_1_186' title='bbox 603 3903 796 4002; x_wconf 67' lang='lat' dir='ltr'>praesedus,</span> <span class='ocrx_word' id='word_1_187' title='bbox 830 3908 889 3982; x_wconf 91' lang='lat' dir='ltr'>hic</span> <span class='ocrx_word' id='word_1_188' title='bbox 904 3935 1050 3982; x_wconf 80' lang='lat' dir='ltr'>annonae</span> <span class='ocrx_word' id='word_1_189' title='bbox 1066 3938 1076 3982; x_wconf 71' lang='grc' dir='ltr'>ι</span> <span class='ocrx_word' id='word_1_190' title='bbox 1094 3935 1180 3984; x_wconf 77' lang='lat' dir='ltr'>mox</span> <span class='ocrx_word' id='word_1_191' title='bbox 1204 3909 1355 4000; x_wconf 82' lang='lat' dir='ltr'>senatus,</span> 
     </span>
    </p>
   </div>
   <div class='ocr_carea' id='block_1_3' title="bbox 375 4021 1356 4128">
    <p class='ocr_par' dir='ltr' id='par_1_4' title="bbox 375 4021 1356 4128">
     <span class='ocr_line' id='line_1_29' title="bbox 375 4021 1356 4128; baseline 0.004 -28"><span class='ocrx_word' id='word_1_192' title='bbox 375 4021 549 4123; x_wconf 81' lang='lat' dir='ltr'>milesque</span> <span class='ocrx_word' id='word_1_193' title='bbox 580 4029 614 4099; x_wconf 70' lang='lat' dir='ltr'>sc</span> <span class='ocrx_word' id='word_1_194' title='bbox 640 4028 803 4124; x_wconf 86' lang='lat' dir='ltr'>populus.</span> <span class='ocrx_word' id='word_1_195' title='bbox 828 4029 925 4101; x_wconf 86' lang='lat' dir='ltr'>Nam</span> <span class='ocrx_word' id='word_1_196' title='bbox 955 4027 1118 4103; x_wconf 83' lang='lat' dir='ltr'>Tiberius</span> <span class='ocrx_word' id='word_1_197' title='bbox 1143 4033 1269 4107; x_wconf 68' lang='lat' dir='ltr'>cunda</span> <span class='ocrx_word' id='word_1_198' title='bbox 1294 4055 1356 4128; x_wconf 80' lang='lat' dir='ltr'>per</span> 
     </span>
    </p>
   </div>
   <div class='ocr_carea' id='block_1_4' title="bbox 0 0 1657 5284">
    <p class='ocr_par' dir='ltr' id='par_1_5' title="bbox 0 0 1657 5284">
     <span class='ocr_line' id='line_1_30' title="bbox 0 0 1657 5284; baseline 0 0"><span class='ocrx_word' id='word_1_199' title='bbox 0 0 1657 5284; x_wconf 95' lang='lat' dir='ltr'> </span> 
     </span>
    </p>
   </div>
  </div>
 </body>
</html>
