3259 5284
344 552 411 619 144
592 524 634 597 C.
662 526 901 601 Conuarrr
925 526 1104 601 Taerrr

340 708 368 743 “
385 702 487 774 elle.'’
511 702 603 777 l-laec
624 705 758 799 palam,
785 708 819 777 δι
835 703 943 777 vitato
959 702 1056 777 omni
1072 701 1223 776 secreto:
1249 728 1309 779 ne·

339 845 408 917 que
437 820 686 896 dubitabantur
708 822 904 920 prascripta
928 825 960 896 ei
985 852 1007 897 a
1030 822 1188 914 Tiberio,
1214 824 1311 915 clim,

338 939 521 1013 incallidus
544 942 674 1041 alioqui
700 948 733 1016 δι
759 941 865 1016 facilis
874 940 1033 1039 juventa,
1059 941 1219 1017 senilibus
1235 962 1311 1019 tum

338 1059 467 1133 artibus
488 1080 649 1135 uteretur.

386 1182 452 1254 lx.
477 1182 586 1270 Piso,
621 1182 821 1255 Dalmatico
849 1180 936 1255 mari
970 1181 1137 1271 tramisso,
1173 1182 1310 1255 relidis-

339 1324 407 1396 quc
439 1300 534 1396 apud
563 1304 749 1374 Anconam
777 1300 937 1389 navibus,
968 1326 1028 1397 per
1054 1300 1237 1391 Picenum,
1270 1326 1311 1375 ac

338 1444 425 1490 mox
440 1418 650 1492 Flaminiam
669 1419 776 1509 viam,
804 1418 1000 1517 adsequitur
1016 1418 1204 1517 legionem,
1231 1445 1310 1517 quae

336 1538 551 1612 ePannonia
569 1537 606 1610 in
620 1541 773 1629 Urbem,
797 1538 880 1612 dein
903 1537 1059 1635 praesrdio
1076 1536 1219 1630 Asricae,
1244 1540 1311 1612 du-

337 1659 503 1731 cebatur:
541 1682 651 1756 eaque
679 1683 734 1731 res
759 1657 888 1755 agitata
917 1657 1125 1747 minoribus,
1163 1664 1190 1701 “
1208 1680 1247 1731 ut
1275 1658 1313 1732 in

339 1777 526 1876 “agmine
548 1798 653 1876 atque
673 1778 794 1851 itinere
813 1777 935 1851 crebri)
957 1776 990 1849 se
1009 1776 1178 1851 militibus
1198 1778 1314 1851 osten·

340 1904 369 1941 “
385 1898 557 1971 cavisset.’'
607 1900 669 1970 Ab
682 1896 830 1987 Narnia,
862 1897 1013 1971 vitandae
1029 1895 1241 1995 suspicionis,
1268 1923 1313 1971 an

339 2017 422 2114 quia
448 2016 583 2111 pavidis
615 2016 754 2090 confilia
782 2016 820 2088 in
852 2014 984 2089 incerto
1011 2015 1102 2107 sunt,
1132 2018 1241 2106 Nare,
1272 2041 1313 2090 ac

338 2160 425 2208 mox
450 2134 570 2209 Tiberi
596 2110 774 2223 devedus,
798 2134 896 2207 auxit
916 2134 1014 2232 vulgi
1041 2134 1118 2225 iras,
1144 2135 1228 2233 quia
1251 2160 1313 2207 na·

339 2279 422 2327 vem
438 2256 576 2327 tumulo
591 2251 765 2325 Caesarum
786 2253 969 2349 adpulerat
979 2280 991 2339 ;
1016 2251 1155 2349 dieque,
1183 2256 1217 2325 lle
1238 2252 1315 2349 rip&

339 2371 523 2469 frequenti,
566 2397 697 2470 magno
726 2371 909 2445 clientium
937 2370 1078 2469 agmine
1103 2370 1187 2467 ipse,
1214 2368 1314 2445 semi·

339 2516 463 2565 narum
487 2490 652 2564 comitatu
672 2490 853 2579 Plancina,
883 2494 917 2562 δι
940 2491 1042 2563 vultu
1063 2492 1190 2563 alacres
1207 2489 1313 2566 inces-

339 2615 425 2685 sdre.
473 2606 555 2684 Fuit
577 2609 665 2683 inter
687 2609 904 2683 inritamenta
924 2608 1065 2683 invidiae
1087 2609 1214 2683 domus
1239 2608 1316 2683 soro

338 2729 539 2818 imminens,
569 2728 653 2804 festa
677 2750 816 2821 ornatu,
844 2728 1118 2827 conviviumque
1136 2734 1170 2802 δι
1187 2730 1315 2826 epulae,

339 2854 374 2923 ἃ
391 2848 591 2923 celebritate
607 2848 675 2923 loci
688 2848 777 2922 nihil
793 2851 985 2924 occultum.

386 2970 435 3043 X.
459 2972 642 3042 Posrana
658 2968 730 3059 die,
747 2968 925 3042 Fulcinius
941 2968 1029 3043 Trio
1045 2967 1205 3043 Pisonem
1221 2970 1317 3065 apud

339 3086 493 3165 consules
520 3088 726 3185 postulavitz
756 3088 877 3161 contra
903 3086 1077 3177 Vitellius,
1106 3110 1147 3157 ac
1172 3085 1318 3157 Verani·

338 3235 395 3299 us,
435 3206 608 3303 ceterique
638 3205 891 3279 Germanicum
924 3204 1077 3278 comitati
1113 3204 1315 3293 tendebant,

222 3386 225 3392 .
342 3335 371 3370 “
387 3329 498 3400 nullas
519 3328 587 3398 effe
604 3344 716 3421 partes
732 3323 880 3410 Trioni;
911 3346 1024 3420 neque
1042 3321 1076 3393 se
1094 3318 1316 3410 accusatores,

344 3453 371 3489 “
388 3445 446 3517 sed
462 3468 576 3516 rerum
592 3442 725 3515 indices
742 3448 775 3516 &
799 3441 914 3530 testes,
941 3440 1104 3512 mandata
1119 3438 1319 3513 Germanici

342 3570 370 3607 “
388 3562 619 3661 perlaturos.”
663 3547 755 3649 ¹Ille,
786 3558 926 3633 dimissa
956 3556 1028 3655 ejus
1061 3556 1169 3631 causae
1196 3557 1319 3630 delati-

341 3708 423 3772 one,
455 3688 482 3724 “
500 3700 539 3754 ut
556 3681 706 3778 priorem
727 3680 838 3753 vitam
854 3677 1047 3754 accusaret”
1064 3675 1238 3763 obtinuit;
1259 3702 1319 3774 pe-

341 3803 515 3899 titumque
541 3802 591 3873 est
616 3824 638 3873 a
666 3797 838 3897 principe,
869 3796 1153 3897 “cognitionem
1178 3797 1320 3893 excipe-

344 3929 373 3971 “
392 3920 481 3995 ret.’'
529 3921 640 4019 Qiod
664 3942 709 3998 ne
729 3943 808 3994 reus
832 3918 976 4021 quidem
991 3920 1180 4011 abnuebat,
1206 3914 1320 3993 studia
