3259 5284
1164 665 1240 716 XXV

261 821 416 920 pularem
434 821 561 896 habere
586 843 657 892 non
675 816 836 894 voluerit.
884 816 928 889 ln
943 815 1010 890 hac
1025 814 1121 888 tanta
1134 814 1239 888 inter-

263 961 402 1037 pretum
435 937 672 1030 multitudine,
708 936 881 1035 principes
912 933 1087 1032 appellare
1126 933 1241 1032 juvat.

264 1061 374 1132 Suum
390 1061 519 1132 habent
535 1058 704 1132 Germani
730 1060 980 1145 Mrcrnauu‚
1003 1053 1103 1128 suum
1118 1051 1242 1126 Batavi

264 1177 507 1267 Hoormu'u,
527 1176 716 1274 gentilibus
733 1178 908 1274 probatos.
944 1176 1039 1247 Inter
1064 1173 1242 1272 Hispanos

262 1297 309 1370 de
337 1297 532 1394 principatu
560 1317 627 1370 tres
655 1315 786 1370 certant
823 1295 1034 1368 Emmanuel
1063 1293 1240 1383 Suarnn,

261 1417 445 1489 Balthazar
473 1419 659 1506 Anauros,
683 1421 717 1488 ὅτ
734 1415 880 1488 Carolus
895 1414 1085 1500 Corona,
1114 1411 1244 1509 quihus

262 1534 355 1607 haud
365 1555 438 1608 tam
448 1531 621 1631 splendor,
635 1534 743 1631 quim
757 1533 905 1608 brevitas
916 1532 1021 1606 deest.
1047 1533 1168 1604 Plures
1178 1531 1242 1604 ha·

143 1751 152 1758 ·
261 1655 346 1726 bent
358 1652 450 1742 ltali,
469 1679 555 1750 quos
566 1652 653 1726 inter
663 1652 819 1728 eminent
832 1651 1007 1749 Georgius
1018 1653 1145 1741 Dam,
1161 1652 1242 1722 Ber·

266 1772 394 1844 nardus
410 1774 679 1859 Dnvnuznm,
706 1775 740 1843 δι
758 1771 934 1846 Adrianus
955 1773 1112 1844 Poarrr.
1162 1770 1242 1842 Pal·

263 1914 360 1963 mam
387 1889 549 1989 singulari
578 1890 750 1964 brevitatis
767 1889 931 1963 felicitate
955 1888 1132 1986 praeripuit
1159 1891 1243 1962 Dn-

264 2033 462 2082 vnnznrr.
511 2009 674 2082 Laudem
703 2008 792 2082 inter
807 2008 986 2082 Britannos
1010 2007 1072 2082 libi
1097 2031 1241 2107 pepere-

264 2147 339 2202 rant
357 2127 555 2204 Richardus
567 2129 804 2202 Gnauawnr
822 2132 856 2201 ἃ
873 2127 1049 2202 Henricus
1064 2129 1242 2202 Sarmat

180 2261 181 2266 ’
262 2271 339 2322 eam
355 2247 391 2319 in
407 2245 440 2320 se
456 2245 561 2320 traxit
577 2247 735 2320 Thomas
753 2250 939 2336 Gonnou,
955 2247 1146 2320 accuratior
1164 2247 1242 2344 qui-

262 2367 361 2455 dem,
386 2364 445 2438 sed
461 2366 575 2439 adhuc
592 2367 709 2463 paullo
725 2365 845 2440 laxior.
886 2364 1084 2463 Antiqunm
1101 2391 1245 2466 quoque

264 2483 374 2560 Gallis
399 2483 465 2558 fuit
490 2483 658 2573 studium,
686 2506 725 2558 ut
741 2485 907 2558 Tacitum
931 2484 1241 2583 interpretarentur.

264 2606 348 2700 Jam
371 2602 507 2700 pridem
531 2603 611 2680 rudi
637 2604 808 2680 vetustate
831 2604 1009 2678 obsoluere
1032 2607 1242 2696 Faucrrnr,

267 2747 318 2796 ua
346 2747 397 2795 nn
414 2723 621 2810 Pannona,
648 2723 778 2821 aliique
792 2722 895 2820 hujus
910 2723 1057 2796 veterni.
1093 2725 1244 2822 Aliquid

265 2840 399 2914 artis&
418 2839 549 2937 ingenii
567 2865 727 2937 promere
748 2841 857 2938 coepit
874 2839 1031 2915 Achilles
1058 2865 1109 2916 nn
1127 2847 1242 2919 Han-

266 2982 363 3037 LAY.
405 2958 488 3032 Plus
511 2958 706 3056 elegantia,
732 2960 828 3034 haud
842 2959 919 3034 satis
942 2958 1090 3033 veritatis
1115 2959 1244 3036 indidit

264 3077 433 3152 Nicolaus
450 3079 610 3156 Pannor
630 3081 959 3152 u'Amnncounr.
999 3080 1103 3154 Mole
1123 3107 1243 3156 exem·

265 3199 417 3294 plorum,
434 3195 538 3276 tadia
554 3197 734 3294 aggeravit
751 3199 932 3272 Abraham
948 3197 1115 3274 Nicolaus
1131 3205 1245 3276 Ama·

266 3340 341 3393 nor
369 3340 419 3388 na
439 3340 492 3390 nn
511 3317 718 3390 Houssnra
735 3323 758 3390 ¹.
809 3315 895 3416 Ejus
910 3317 1071 3410 verfioni,
1096 3321 1244 3398 auctorit

310 3538 321 3569 ¹
341 3532 452 3591 Amelot
463 3530 499 3589 de
513 3531 539 3590 la
553 3529 682 3590 Houffaie
694 3549 757 3596 xrrr
773 3530 877 3610 priores
887 3533 1037 3600 Annalium
1049 3535 1134 3596 libror
1147 3538 1239 3602 verrit.

266 3633 367 3692 Cetera
376 3630 471 3690 Taciti
485 3649 567 3710 opera
582 3629 773 3709 inrerpretatur
784 3633 822 3690 est
840 3631 998 3693 Franciscur
1013 3633 1108 3712 Bruyn
1127 3636 1172 3695 sed
1185 3637 1240 3697 dis·

259 3732 382 3792 fimulato
394 3730 442 3789 suo
455 3729 578 3788 nomine.
611 3730 699 3789 Tacite
710 3753 775 3788 avec
788 3733 830 3789 des
841 3747 905 3789 nores
919 3733 1043 3814 palitipm
1055 3733 1091 3796 ὅ
1102 3734 1241 3813 bssorr'qm

262 3847 316 3909 par
327 3831 368 3890 M.
382 3827 479 3888 Arrelor
489 3831 520 3887 de
531 3828 559 3886 la
572 3829 689 3908 Hosffrle
700 3829 736 3890 ld
748 3832 789 3888 M.
801 3831 835 3890 L.
849 3832 883 3889 C.
897 3833 934 3892 D.
948 3834 1040 3900 ΟΜ.
1079 3833 1146 3899 Ara
1155 3837 1239 3914 Have,

268 3929 332 3997 ebera
344 3928 499 3992 Schmleer.
519 3947 738 4012 1731=1735.
756 3949 791 3990 ro
803 3929 860 3991 vol.
873 3941 962 4000 sle-ta,
1005 3923 1013 3932 ”
