3259 5284
376 681 414 763 vi

373 859 558 948 Budenlis;
584 881 622 936 ut
639 863 789 958 videtur,
820 871 917 968 quod
934 872 1099 947 sambuci
1115 873 1263 949 Codices
1279 875 1349 949 fere

374 1003 395 1053 e
410 983 555 1054 Budenst
567 983 782 1062 Bibliotheca
798 1016 934 1064 venere.

424 1105 518 1174 Ante
536 1103 694 1200 Lipsium
716 1109 842 1183 nobilis
858 1110 923 1185 fuit
946 1112 1004 1184 ille
1027 1112 1174 1204 Budenfit
1189 1111 1302 1202 (ἦλα,
1327 1139 1349 1188 e

373 1219 585 1296 Bibliotheca
610 1226 755 1299 Corvini
784 1229 907 1328 Regis,
931 1256 1004 1329 quo
1027 1229 1104 1305 usus
1128 1232 1178 1305 est
1203 1233 1346 1306 Rhena-

372 1363 460 1412 nus:
491 1339 551 1438 qui
569 1341 600 1414 ei
614 1343 702 1418 libro
719 1347 910 1444 plurimum
926 1349 1058 1423 tribuit.
1107 1349 1246 1447 Lipfius
1263 1377 1347 1425 con·

371 1475 425 1532 tta
436 1460 480 1533 ad
493 1463 538 1532 A.
552 1463 655 1553 Xlll,
673 1489 730 1561 25.
749 1491 819 1540 non
837 1467 980 1566 optimae
994 1487 1083 1542 notae
1096 1467 1194 1542 fuiffe
1210 1469 1345 1555 censet;

370 1580 406 1673 J.
439 1579 639 1654 Gronovius
671 1583 775 1658 etiam
810 1608 984 1660 recentem
1018 1593 1052 1661 δι
1086 1588 1346 1686 interpolatum,

370 1699 415 1770 ad
430 1702 475 1770 A.
488 1698 555 1788 ΧΙ,
580 1703 634 1773 18.
670 1695 850 1802 Qricquid
866 1711 916 1798 sit,
929 1707 1057 1780 Tacito
1075 1707 1237 1805 profuiffe
1252 1709 1346 1782 hunc

372 1815 516 1908 libmm,
542 1821 661 1917 negari
678 1849 749 1896 non
769 1825 893 1921 potest.

417 1946 501 2022 Post
519 1939 681 2046 Lipsrum
698 1973 803 2020 nemo
821 1973 842 2020 e
866 1945 980 2020 Taciti
1004 1944 1192 2020 editoribus
1213 1946 1348 2019 Codice

367 2058 495 2162 scripto
513 2067 591 2140 usus
606 2065 670 2156 est,
701 2067 799 2163 quod
813 2064 958 2138 sciamus
973 2086 1052 2139 ante
1067 2067 1208 2140 Theod.
1221 2069 1345 2163 Ryck·

368 2183 454 2260 ium.
492 2187 525 2259 ls
541 2185 712 2259 Codicem
729 2184 851 2258 habuit
868 2211 965 2274 eum,
983 2183 1043 2282 qui
1056 2185 1238 2280 quondam
1250 2187 1346 2259 Rod.

367 2305 544 2401 Agricola
562 2304 686 2392 fuerat,
707 2303 798 2376 unde
815 2303 968 2398 Agricolae
984 2304 1083 2375 Codex
1093 2322 1244 2376 vocatur.
1287 2307 1345 2377 Ex

365 2447 411 2498 eo
433 2425 595 2521 quaedam
620 2441 782 2519 excerpta
810 2447 894 2495 cum
921 2422 1044 2519 Lipsio
1071 2422 1346 2496 communicavit

366 2542 455 2614 olim
483 2540 683 2616 Franciscus
708 2539 881 2614 Modius:
911 2567 989 2639 quae
1017 2541 1154 2638 Lipsius
1180 2565 1242 2637 pro
1261 2567 1345 2614 con·

360 2655 504 2758 jeduris
522 2660 636 2756 potius
654 2659 845 2756 Agricolae,
863 2685 969 2757 quam
987 2660 1192 2733 lectionibus
1207 2660 1347 2734 Codicis

365 2779 499 2876 antiqui
516 2778 650 2870 habuit,
669 2798 707 2850 ut
731 2803 751 2850 e
775 2778 868 2850 notis
892 2776 961 2875 ejus
978 2797 1135 2874 apparet,
1165 2779 1238 2852 vid.
1261 2805 1297 2852 v.
1314 2808 1346 2855 c.

365 2901 412 2972 ad
431 2905 477 2973 A.
491 2901 593 2989 XIV,
617 2901 676 2970 60.
695 2915 782 2970 extr.
833 2899 928 2972 Eum
944 2898 1117 2971 Codicem
1134 2923 1218 2971 cum
1235 2902 1345 2974 habu·

364 3019 429 3092 erit
447 3017 621 3115 Ryclcius,
644 3041 756 3112 eoque
772 3012 850 3088 usus
868 3020 907 3088 sit
933 3017 978 3089 ad
1003 3015 1248 3114 corrigendum
1271 3021 1345 3093 Ta-

363 3138 489 3227 citum,
520 3135 720 3208 mirandum
741 3134 802 3221 est,
831 3160 911 3208 eum
933 3135 1019 3207 nihil
1039 3137 1085 3208 de
1102 3154 1215 3226 aetate,
1240 3134 1345 3234 scrip-

366 3275 444 3330 tura
469 3253 624 3342 Codicis,
653 3251 793 3348 aliisque
821 3253 1007 3345 tradidille,
1035 3279 1113 3350 quae
1141 3254 1226 3327 scire
1247 3257 1345 3354 cupi·

366 3395 426 3450 ant
444 3373 557 3472 periti,
584 3392 690 3469 atque
702 3371 807 3444 etiam
820 3373 982 3464 debeant,
1009 3377 1032 3446 si
1047 3375 1091 3447 de
1107 3373 1247 3448 Codicis
1262 3400 1343 3448 auc·

366 3493 502 3568 toritate
523 3490 680 3591 judicare
696 3489 817 3563 velint.
866 3491 940 3584 Jac.
963 3493 1163 3566 Gronovius
1189 3517 1271 3566 eum
1294 3519 1347 3568 re-

367 3613 597 3688 centiffimum
611 3615 644 3684 δι
660 3609 747 3682 mite
760 3609 1009 3707 interpolatum
1019 3609 1168 3709 judicat,
1186 3614 1230 3688 ad
1249 3616 1343 3687 Ann.

367 3735 436 3821 XI,
455 3736 508 3805 18.
534 3733 616 3820 XV,
638 3755 656 3826 5
662 3755 694 3824 3.
731 3730 788 3802 De
805 3726 1069 3826 interpolatione
1085 3757 1156 3803 non
1171 3731 1343 3806 dubitem.

367 3853 489 3926 Habet
505 3848 600 3938 enim
616 3848 717 3921 nimis
735 3850 858 3936 multa,
885 3875 964 3945 quae
989 3848 1287 3946 interpolationem
1309 3855 1344 3924 δε

365 3967 564 4046 comestoris
579 3967 759 4066 ingenium
777 3965 920 4064 sapiant,
947 3989 986 4041 ut
1003 3967 1106 4041 variis
1127 3968 1212 4043 locis
1228 3976 1262 4044 δι
1281 3971 1344 4069 ipsi

366 4087 577 4176 notavimus,
627 4085 736 4162 Unde
764 4083 919 4187 profedo
946 4087 1093 4171 nonest
1124 4092 1341 4190 negandum,
