3259 5284
381 567 486 647 ¹52,
592 545 1174 623 C.C0nntu11Tnc1r1

365 706 406 760 '“
424 738 601 790 manerent
616 720 654 789 ;''
679 724 712 793 u
729 722 785 793 Μ.
799 713 958 792 Pisonem
980 716 1177 817 ignominiae
1197 716 1338 806 exemit,

375 839 605 933 concessitque
616 838 647 910 ei
660 841 923 934 paternabona;
950 837 1026 911 satis
1040 840 1172 924 firmus,
1198 856 1235 909 ut
1252 834 1340 932 saepe

374 954 578 1044 memoravi,
606 957 791 1043 adversirm
819 956 1013 1055 pecuniam,
1046 960 1078 1029 δι
1107 976 1183 1028 tum
1209 957 1340 1051 pudore

374 1070 534 1145 absolutae
546 1076 719 1149 Plancinae
732 1078 942 1174 placabilior.
993 1082 1111 1174 Atque
1125 1076 1232 1163 idem,
1258 1074 1339 1147 ciam

375 1191 529 1265 Valerius
560 1196 761 1269 Messalinus
799 1202 825 1237 ‘⁴
845 1200 979 1295 fignum
1009 1220 1152 1268 aureum
1193 1194 1228 1265 in
1266 1193 1339 1265 aede

375 1316 403 1353 “
420 1311 543 1385 Martis
555 1315 690 1387 Ultoris
702 1316 739 1399 ;''
762 1315 901 1388 Caecina
913 1316 1056 1387 Severus
1074 1321 1101 1356 “
1117 1338 1209 1385 aram
1222 1310 1339 1385 Ultio·

279 1445 281 1451 '
374 1435 403 1471 “
420 1428 926 1523 nillatuendam''censuiffent,
954 1432 1148 1529 prohibuit:
1178 1438 1205 1475 “
1218 1433 1265 1503 ob
1277 1455 1338 1503 ex-

372 1553 403 1592 “
421 1568 532 1623 ternas
548 1576 587 1623 ea
603 1551 757 1625 vislorias
769 1550 911 1625 sacrari''
935 1551 1105 1641 diditans,
1133 1558 1160 1593 “
1177 1548 1337 1623 domesti-

372 1660 408 1712 “'
419 1695 460 1742 ca
469 1672 560 1741 mala
572 1669 926 1767 tristitidoperienda.'’
976 1671 1168 1744 Addiderat
1185 1666 1337 1741 Messali-

371 1814 449 1877 nus,
488 1795 515 1830 “
543 1788 700 1877 Tiberio,
736 1794 770 1863 ὅτ
798 1790 981 1888 Augusta,
1020 1794 1053 1863 δι
1085 1786 1263 1877 Antoniae,
1301 1790 1334 1859 &

371 1912 401 1949 “
418 1906 622 2003 Agrippinae
638 1907 833 2006 Drusoque,
860 1912 907 1982 ob
919 1907 1110 1981 vindistam
1123 1904 1335 1995 Germanici,

370 2032 529 2123 “grates
553 2028 743 2122 agendas‚¹'
772 2026 997 2125 omiseratque
1025 2025 1161 2105 Claudii
1188 2022 1336 2097 mentio·

368 2168 475 2216 nem:
504 2146 778 2219 &Messalinum
790 2145 934 2244 quidem
949 2147 995 2218 L.
1013 2145 1197 2241 Asprenas,
1219 2141 1336 2215 senato

369 2288 502 2351 coram,
520 2266 831 2358 pereundatusest,
847 2270 925 2337 “an
937 2266 1089 2361 prudens
1100 2261 1335 2361 praetenffetl”

367 2406 409 2453 ac
437 2400 513 2453 tum
542 2382 688 2455 demum
717 2409 847 2455 nomen
875 2382 1012 2456 Claudii
1040 2380 1248 2478 adscriptum
1275 2380 1334 2459 est.

366 2498 477 2590 Mihi,
502 2499 632 2597 quantb
660 2504 757 2598 plura
781 2500 987 2592 recentium,
1013 2498 1071 2575 seu
1097 2520 1254 2573 veterum
1281 2526 1334 2573 re-

350 2620 491 2709 ¹volvo,
533 2619 628 2693 tanti)
659 2620 770 2719 magis
802 2620 950 2693 ludibria
982 2644 1098 2694 rerum
1131 2619 1332 2693 mortalium

366 2739 499 2812 condis
531 2739 567 2821 in
597 2740 743 2838 negotiis
775 2739 1023 2813 obversantur:
1063 2737 1195 2836 quippe
1228 2737 1333 2828 famas,

366 2858 439 2956 spe,
464 2858 683 2932 veneratione
705 2860 817 2956 potiris
845 2884 966 2932 omnes
991 2857 1246 2935 destinabantur
1267 2856 1334 2929 im-

366 2978 477 3074 perio,
510 2978 616 3076 quam
639 3003 746 3075 quem
761 2977 916 3052 futurum
934 2977 1127 3075 principem
1144 2974 1283 3049 fortuna
1298 2976 1336 3051 in

366 3099 503 3171 occulto
518 3100 665 3170 tenebat.

414 3218 515 3290 XIX.
540 3217 688 3287 Paucis
706 3216 782 3313 post
798 3216 920 3291 diebus
936 3215 1048 3290 Caesar
1064 3218 1182 3290 auslor
1207 3215 1334 3291 senatui

365 3334 442 3422 fisis,
471 3340 499 3382 “
517 3334 670 3422 Vitellio,
697 3353 801 3431 atque
818 3334 982 3425 Veranio,
1009 3342 1041 3407 a
1068 3338 1203 3409 Servaeo
1227 3333 1334 3407 sacer-

367 3461 394 3495 “
413 3452 508 3525 dotia
519 3451 692 3523 tribuendi
708 3454 744 3523 ;'’
769 3452 930 3526 Fulcinio
956 3454 1200 3552 “suffragium
1212 3455 1256 3526 ad
1269 3455 1332 3526 ho·

364 3577 393 3614 “
411 3573 533 3644 nores''
549 3571 735 3668 pollicitus,
761 3572 910 3661 monuit,
938 3580 967 3615 “
985 3599 1029 3645 ne
1046 3571 1244 3647 facundiam
1259 3573 1333 3644 vio-

366 3686 396 3735 (ἴ
422 3690 523 3764 lentis
540 3690 799 3787 praecipitaret.''
837 3692 870 3764 ls
884 3691 961 3767 finis
974 3690 1039 3764 fuit
1048 3690 1335 3765 ulciscendalGer-

363 3810 492 3885 manici
513 3830 639 3899 morte,
665 3836 738 3881 non
753 3810 861 3883 modo
878 3812 970 3907 apud
987 3810 1062 3883 illos
1079 3811 1248 3900 homines,
1275 3810 1333 3907 qui

363 3953 438 4011 tum
465 3933 628 4030 agebant,
655 3929 758 4010 etiam
778 3928 899 4011 secutis
921 3930 1135 4029 temporibus
1159 3930 1252 4006 vario
1277 3956 1332 4005 tu-
