3259 5284
1213 438 1264 512 xli

281 639 403 694 tarem.
452 619 520 694 Sed
549 615 676 692 deinde
700 613 748 691 ita
774 612 886 712 reperi
910 612 1064 701 differre,
1098 628 1138 683 ut
1165 608 1270 686 illum

282 739 412 814 librum
441 741 488 813 ab
517 738 584 811 hoc
605 732 787 810 diversum
804 731 1012 831 judicarem.

867 852 1001 926 Ernesti
1025 877 1105 950 pag.
1130 876 1191 940 44.

431 1095 494 1178 Dr
511 1098 667 1205 vulgata
682 1098 768 1203 five
785 1110 929 1202 recepta
945 1089 1101 1174 ltaliam.

325 1320 435 1402 Libet
466 1351 609 1399 monere
638 1324 818 1417 studiosos,
847 1345 887 1398 ut
919 1320 1063 1413 discant,
1093 1304 1173 1421 quai
1208 1347 1261 1397 tes

282 1449 320 1522 fit
347 1473 401 1537 ea,
430 1470 537 1544 quam
562 1447 722 1542 vulgatam
735 1447 812 1535 five
844 1458 996 1539 receptam
1023 1445 1181 1516 letlionem
1206 1444 1261 1517 di-

281 1543 374 1654 eant,
402 1591 507 1664 quam
522 1583 596 1638 tam
612 1561 701 1662 saepe
721 1565 758 1637 in
779 1587 840 1636 ore
864 1565 1013 1636 habeant
1039 1561 1192 1659 imperiti
1212 1561 1260 1636 rei

281 1686 433 1776 Criticae,
469 1683 567 1783 cujus
594 1705 727 1758 tantam
761 1683 988 1758 reverentiam
1019 1681 1175 1778 plerique
1215 1681 1262 1756 ita

282 1807 520 1902 profiteantur,
539 1823 577 1876 ut
594 1803 821 1876 reverentiam
838 1827 919 1900 erga
935 1800 1082 1874 auctoris
1098 1799 1262 1900 cujusque

281 1926 386 1999 libros
409 1925 503 1998 nulla
526 1922 560 1994 in
583 1946 619 1996 re
640 1922 751 2020 magis
770 1941 915 2018 ponant,
939 1947 1045 2018 qnam
1070 1919 1106 1992 in
1127 1918 1260 1995 conser-

281 2043 403 2117 vandis
430 2068 552 2116 eorum
585 2041 676 2115 vitiis
705 2042 879 2116 omnibus.
946 2043 1035 2113 Vere
1062 2039 1168 2130 dixit,
1198 2040 1260 2139 qui

276 2160 434 2236 homines
452 2165 659 2260 plerumque
675 2157 802 2235 nescire
819 2159 924 2249 dixit,
951 2161 1037 2257 quid
1056 2159 1116 2233 fibi
1134 2160 1256 2252 velint,

279 2307 362 2356 cum
378 2283 423 2355 de
439 2303 577 2379 recepta
598 2280 744 2354 leelione
764 2281 977 2377 vulgatoque
994 2300 1093 2353 textu
1111 2282 1257 2378 loquan-

280 2421 347 2474 tur.
396 2401 608 2497 Plerumque
630 2400 810 2498 vulgatam
833 2404 867 2472 a
884 2420 1057 2496 receptam
1074 2399 1257 2476 ledionem

280 2518 438 2594 homines
466 2518 678 2617 intelligunt,
707 2541 812 2616 quam
842 2517 877 2589 in
904 2516 965 2591 suo
994 2518 1083 2592 libro
1111 2521 1254 2612 habent,

278 2637 315 2710 h.
336 2663 367 2710 e.
396 2637 484 2734 saepe
507 2635 741 2734 conjecturam
765 2639 800 2710 in
826 2655 964 2710 textum
988 2637 1132 2728 illatam,
1157 2641 1256 2736 quod

277 2755 462 2831 sexcenties
494 2756 531 2828 in
559 2757 683 2830 Tacito
713 2754 859 2844 laetum,
900 2753 1026 2828 vitium
1058 2781 1257 2852 operarum,

276 2874 522 2950 corredionem
546 2901 687 2978 pravam
705 2876 795 2949 male
812 2873 933 2948 curiosi
957 2874 1158 2948 correctoris
1180 2875 1255 2974 spe·

276 2993 447 3067 ciminum
464 2979 807 3110 typograplricorum.
846 2995 982 3092 ltaque,
1001 2993 1099 3092 quod
1115 2993 1254 3086 mirere,

276 3113 361 3186 alius
377 3113 479 3185 aliam
497 3115 676 3211 vulgatam
693 3113 879 3186 lectionem
896 3117 930 3186 ἃ
947 3132 1122 3211 receptam
1138 3113 1254 3188 habet.

276 3231 486 3330 Intelligitur
503 3257 553 3305 res
576 3231 765 3329 planiffime
790 3231 906 3306 Taciti
928 3231 1103 3330 exemplo.
1155 3235 1253 3308 Rhe·

276 3376 386 3425 nanus
414 3352 594 3449 vulgatam
626 3352 825 3443 lectionem,
859 3373 898 3426 ut
929 3352 1094 3445 vidimus,
1128 3352 1254 3428 intelli-

275 3471 393 3570 gebat,
412 3469 580 3568 quicquid
599 3473 680 3544 elset
696 3471 733 3544 in
749 3474 804 3545 ed.
819 3475 916 3546 Basrl.
942 3497 1045 3571 1519.
1062 3479 1130 3549 five
1146 3476 1262 3568 reete,

274 3592 342 3664 five
357 3615 464 3688 prave
478 3592 684 3688 exprellum.
733 3591 815 3664 Post
832 3617 914 3666 eum
929 3591 1170 3693 intelligebant
1184 3598 1254 3670 boc

273 3708 430 3801 nomine,
446 3710 616 3811 quicquid
631 3709 669 3784 in
685 3711 838 3786 editione
848 3713 946 3786 Bafil.
981 3716 1144 3790 Rhenani
1160 3720 1255 3806 effet,

273 3828 385 3905 autin
409 3829 464 3922 iis,
492 3857 571 3930 qua
597 3857 643 3906 ex
665 3831 730 3906 hac
751 3832 950 3907 fluxiffent:
977 3834 1115 3933 Lipsius
1136 3829 1255 3912 lectio·
