3259 5284
477 554 781 625 Attonitum
820 525 1022 624 Linlll.
1196 572 1262 648 159

296 722 355 799 sed
380 726 416 798 in
438 723 589 825 singulos
604 725 762 799 homines
778 728 855 800 latre
873 724 1096 823 quaestiones:
1127 726 1161 797 δι
1188 750 1262 799 cor-

295 846 482 943 ruptissrmtl
498 846 673 943 republicl
690 844 846 943 plurimae
864 848 968 944 leges.

345 966 515 1039 XXVIII.
552 967 648 1040 Tunr
664 967 731 1039 Cn.
746 964 937 1061 Pompeius
963 963 1102 1037 tertium
1131 961 1262 1055 consul,

295 1082 507 1181 corrigendis
523 1085 679 1158 moribus
695 1087 862 1175 deleftus,
889 1088 922 1157 δι
936 1083 1075 1182 gravior
1091 1084 1262 1176 remediis,

297 1204 404 1299 quarn
430 1204 558 1277 delisIa
589 1224 697 1294 erant,
736 1204 945 1301 suarumque
988 1206 1108 1302 legum
1144 1206 1264 1277 austor

289 1321 387 1396 idem
418 1349 458 1397 ac
489 1322 681 1415 subversor,
715 1350 794 1421 quae
826 1322 929 1397 armis
961 1324 1134 1413 tuebatur,
1160 1323 1263 1397 armis

295 1442 417 1515 amisit.
468 1444 562 1517 Exin
584 1443 750 1518 continua
772 1468 834 1540 per
857 1441 981 1541 viginti
1005 1467 1113 1515 annos
1134 1440 1264 1515 discor-¹

294 1562 377 1635 dia:
407 1588 480 1635 non
507 1588 598 1653 mos,
623 1588 695 1636 non
711 1560 791 1663 just
823 1561 1006 1635 deterrima
1030 1586 1180 1658 quaeque
1196 1562 1262 1635 im·
1330 1594 1332 1599 ’

295 1682 413 1777 ρυιιὲς
438 1706 480 1754 ac
504 1685 615 1755 multa
639 1681 781 1755 honesta
796 1680 902 1753 exitio
919 1679 1023 1753 suere.
1072 1682 1177 1753 Sexto
1200 1684 1263 1755 de-

294 1826 396 1873 mum
424 1799 603 1874 consulatu
625 1799 740 1874 Caesar
764 1800 957 1897 Augustus,
983 1798 1145 1897 potentiae
1167 1797 1263 1873 secu·
1305 1899 1308 1907 Α
1407 1795 1413 1811 ‘

294 1945 366 2008 rus,
399 1945 478 2016 quae
502 1919 721 1994 triumviratu
739 1919 891 2017 jusserat,
933 1916 1110 1991 abolevit:
1147 1918 1263 1991 declit-

295 2062 364 2136 que
391 2035 484 2135 jura,
510 2040 589 2137 quls
605 2064 691 2136 pace
707 2042 740 2111 δι
757 2038 916 2135 Principe
932 2056 1133 2111 uteremur:
1155 2038 1263 2111 acrio·

293 2181 332 2229 ra
356 2182 401 2230 ex
426 2180 469 2229 eo
496 2157 623 2248 vincla,
650 2157 752 2231 inditi
777 2158 951 2250 custodes,
988 2161 1021 2231 δι
1051 2159 1128 2255 lege
1155 2158 1265 2255 Papia

293 2278 446 2373 Poppaea
461 2276 610 2374 praemiis
622 2277 766 2368 inducti,
783 2297 836 2370 ut,
862 2281 919 2351 sta
936 2275 1122 2375 privilegiis
1139 2305 1264 2377 paren·

292 2414 371 2469 tum
398 2378 591 2487 cessaretur,
629 2398 725 2470 velut
756 2422 882 2495 parens
915 2396 1074 2469 omnium
1112 2402 1264 2497 populus

292 2514 451 2589 vacantia
466 2536 618 2589 teneret:
647 2516 704 2588 sed
721 2515 822 2589 altius
835 2516 1080 2613 penetrabant3
1105 2511 1263 2591 Urbem·

292 2658 375 2731 que,
402 2639 435 2706 ὃς
464 2635 615 2725 ltaliam,
654 2640 688 2707 δι
717 2637 813 2731 quod
835 2634 980 2731 usquam
1005 2636 1150 2726 civium,
1185 2664 1261 2721 eor-

291 2752 490 2849 ripuerant:
520 2753 781 2849 multommque
804 2753 906 2825 excisi
940 2754 1059 2842 status,
1089 2758 1122 2826 tc
1154 2774 1264 2827 terror

291 2871 455 2943 omnibus
470 2870 699 2944 intentabatur
711 2898 722 2957 ;
752 2870 787 2943 ni
814 2870 976 2945 Tiberius
1005 2872 1186 2944 statuendo
1209 2898 1263 2946 re«

290 2989 425 3078 medio,
445 2988 602 3087 quinque
614 2988 857 3079 consularium,
871 2990 1027 3088 quinque
1045 3016 1064 3063 e
1081 2988 1260 3087 praetoriis,

291 3108 440 3181 totidem
475 3133 495 3180 e
535 3127 648 3181 cetero
677 3107 793 3181 senatu
831 3108 918 3182 sorte
951 3109 1124 3182 duxifl'et:
1166 3112 1262 3206 apud

291 3252 378 3325 quos
405 3226 549 3304 exsoluti
573 3228 729 3325 plerique
756 3229 842 3326 legis
865 3254 988 3321 nexus,
1014 3228 1197 3302 modicum
1223 3229 1265 3301 in

291 3344 434 3445 praesens
462 3349 699 3419 levamentum
723 3346 833 3421 fuere.

339 3468 479 3539 XXIX.
503 3468 584 3539 Pan
612 3465 706 3539 idem
732 3486 871 3565 tempus
897 3470 1079 3541 Neronem
1100 3490 1120 3539 e
1146 3465 1262 3541 liberis

288 3584 487 3658 Germanici
504 3583 580 3681 jam
608 3585 798 3685 ingreffum
813 3586 1011 3687 juventam,
1035 3587 1263 3660 commenda-

289 3700 341 3773 vit
357 3701 511 3797 patribus
521 3733 537 3789 ;›
565 3724 675 3801 utque
712 3713 901 3781 “munere
923 3704 1116 3803 capessendi
1145 3705 1264 3803 vigin-

291 3824 319 3861 “
336 3818 492 3894 tiviratsu
517 3820 713 3916 solveretur,
745 3830 778 3898 δι
820 3825 1057 3923 quinquennio
1080 3826 1259 3916 maturius,

290 3942 319 3981 “
336 3936 443 4035 quam
462 3964 524 4037 per
547 3942 655 4041 leges,
677 3944 888 4043 quaesturam
907 3946 1083 4045 peteret,”‘
1105 3968 1176 4017 non
1192 3946 1263 4019 fine
