3259 5284
184 567 201 648 ,χ

392 553 436 620 14
587 525 1185 598 C.Connrn11Tnc1rr
1285 540 1288 545 '
1389 515 1393 525 ’

388 725 458 797 que
474 696 577 775 etiam
594 697 631 771 in
646 699 760 788 rebuS,
787 723 874 796 quas
901 723 973 770 non
1000 701 1185 789 occuleret,
1212 695 1270 770 seu
1295 719 1355 772 na·

386 822 474 912 turs,
488 822 555 892 five
571 817 806 907 adsuetudine,
824 814 978 913 suspensa
993 815 1124 914 semper
1152 823 1186 891 ἂ
1214 817 1357 891 obscura
1393 877 1397 885 .

386 942 515 1013 verba:
541 957 625 1012 tunc
641 938 736 1027 verb,
753 936 874 1010 nitenti
907 957 946 1010 ut
973 935 1084 1010 sensus
1111 936 1187 1009 suos
1221 938 1358 1033 penitus

318 1117 323 1126 .
387 1061 538 1147 abderet,
557 1058 592 1129 in
609 1057 828 1132 incertum&
846 1055 1050 1154 ambiguum
1073 1054 1181 1154 magis
1197 1055 1356 1154 implica·

386 1181 522 1252 bantur.
572 1182 622 1250 At
638 1199 760 1274 patres,
785 1175 911 1274 quibus
926 1201 1015 1248 unus
1032 1195 1156 1265 metus,
1182 1178 1205 1246 fi
1228 1175 1355 1248 intelli·

351 1317 352 1321 ’
388 1323 467 1397 gere
482 1297 690 1386 viderentur,
711 1296 747 1368 in
760 1295 909 1393 questus,
923 1294 1091 1385 lacrimas,
1103 1314 1186 1367 vota
1201 1294 1353 1367 effundi:

387 1420 432 1492 ad
449 1420 545 1507 deos,
574 1418 618 1489 ad
636 1415 785 1516 effigiem
797 1414 959 1514 Augusti,
973 1415 1017 1487 ad
1035 1439 1147 1512 genua
1164 1413 1265 1511 ipfius
1280 1439 1355 1488 ma-

388 1564 456 1613 nus
480 1539 616 1610 tendere
628 1565 639 1622 3
676 1537 756 1610 etun
799 1533 936 1632 proferri
965 1533 1121 1609 libellum
1152 1533 1356 1630 recitarique

382 1654 486 1755 jussit.
534 1658 629 1753 Opes
675 1653 824 1752 publicae
858 1653 1139 1731 continebantur:
1184 1673 1357 1751 quantum

390 1774 535 1865 civium,
568 1773 807 1870 sociorumque
850 1772 887 1852 in
930 1770 1052 1858 armis;
1100 1793 1188 1868 quot
1226 1775 1356 1864 classes,

388 1919 507 1992 regna,
537 1893 735 1993 provincia,
763 1893 903 1983 tributa,
937 1891 1189 1990 &vestigalia
1230 1896 1265 1968 &
1297 1919 1357 1966 ne·

393 2016 554 2092 ceffitates
587 2039 628 2090 ac
656 2011 875 2111 largitiones:
916 2039 995 2110 quae
1023 2014 1147 2085 cuneta
1170 2010 1229 2087 sua
1251 2039 1358 2088 manu

255 2184 260 2188 -
305 2197 307 2200 .
393 2131 620 2235 perscripserat
651 2133 850 2230 Augustus:
884 2132 1132 2228 addideratque
1164 2133 1357 2224 confilium,

393 2252 575 2327 cossrcendi
591 2254 676 2325 intra
697 2251 860 2328 terminos
876 2251 1032 2351 imperii3
1057 2251 1226 2326 incertum
1246 2272 1357 2345 metu,

392 2398 437 2446 an
455 2397 515 2470 per
530 2372 709 2446 invidiam.

441 2494 522 2566 XII.
547 2493 668 2566 suren
687 2517 764 2590 quae
780 2491 897 2565 senatu
912 2491 1107 2566 ad'infimas
1120 2492 1360 2576 obtestationes

397 2613 664 2708 procumbente,
686 2610 777 2686 dixit
804 2609 890 2685 sorte
905 2612 1080 2704 Tiberius,
1115 2619 1142 2654 “
1159 2609 1206 2705 se,
1227 2634 1267 2686 ut
1288 2641 1360 2688 non

396 2738 424 2775 “
449 2729 513 2810 toti
538 2729 735 2828 reipublicae
763 2757 895 2828 parem,
936 2730 983 2811 ita
1014 2756 1247 2830 quaecumque
1284 2759 1360 2833 pars

396 2850 511 2924 “fibi
545 2851 773 2941 mandaretur,
809 2850 879 2950 ejus
915 2855 1059 2929 tutelam
1091 2852 1361 2949 susceptumm.”

395 2969 493 3044 Tum
509 2969 645 3044 Asinius
662 2971 796 3061 Gallus,
823 2978 850 3013 “
861 2973 1077 3069 Interrogo,”
1098 2970 1226 3068 inquit,
1244 2979 1271 3015 “
1284 2975 1361 3046 Cae·

397 3096 425 3133 “
449 3089 511 3180 sar,
553 3113 659 3186 quam
699 3108 829 3186 partem
872 3090 1080 3187 reipublicae
1116 3091 1271 3163 mandari
1297 3089 1362 3163 tibi

397 3215 426 3252 “
451 3208 536 3282 velis
551 3208 590 3282 ?''
638 3206 815 3284 Perculsus
848 3205 1031 3304 improvisi
1082 3209 1362 3307 interrogatione,

396 3330 552 3425 paullum
572 3327 720 3418 reticuit,
743 3327 826 3400 dein
842 3329 987 3402 collecto
1019 3327 1136 3400 animo
1162 3327 1360 3424 respondit:

396 3449 683 3544 “Nequaquam
711 3449 876 3521 decorum
902 3448 1027 3545 pudori
1057 3446 1130 3536 suo,
1164 3449 1276 3546 legere
1300 3448 1362 3520 ali·

397 3574 424 3610 “
451 3565 538 3664 quid
554 3586 612 3640 aut
628 3565 753 3640 evitare
769 3593 813 3640 ex
836 3591 891 3657 eo,
920 3565 977 3642 cui
1008 3566 1046 3640 in
1077 3563 1272 3640 universum
1300 3591 1363 3640 ex·

398 3694 426 3731 “
452 3687 556 3761 cusari
573 3689 727 3760 mallet.'’
775 3684 927 3761 Rursum
950 3689 1071 3760 Gallus
1095 3685 1242 3781 (etenim
1263 3688 1365 3760 vultu

397 3805 618 3880 offensionem
629 3805 894 3905 conjestaverat)
914 3814 941 3849 “
952 3833 1022 3880 non
1032 3806 1162 3881 ideirco
1177 3806 1364 3904 interroga·

400 3931 428 3972 “
453 3927 553 4007 tum''
570 3924 631 4020 ait,
646 3932 673 3970 “
686 3944 725 4000 ut
736 3925 904 4001 divideret
921 3953 999 4028 quae
1010 3925 1151 4030 separati
1168 3925 1363 4027 nequirent:
