3259 5284
497 691 807 763 Auunrrusr
841 689 962 765 Lra.
996 691 1041 767 ΙΙ.
1183 715 1248 792 115

278 873 396 946 atrox,
420 881 461 930 ac
483 858 656 932 dissentire
679 859 893 934 manifestus:
922 888 994 935 vox
1015 887 1156 958 quoque
1177 859 1249 958 ejus

279 977 397 1048 audita
413 975 512 1048 estin
528 978 704 1069 convivio,
729 978 812 1050 clrm
835 981 929 1075 apud
951 1005 1069 1078 regem
1086 982 1248 1052 Nabata·

280 1119 381 1168 orum
407 1121 546 1168 coronae
577 1121 689 1169 aureae
719 1122 850 1194 magno
883 1094 1036 1193 pondere
1062 1096 1184 1170 Caesari
1212 1103 1248 1172 δε

281 1213 503 1311 Agrippina,
548 1217 641 1287 leves
678 1214 792 1288 Pisoni
826 1221 859 1288 δι
893 1213 1010 1287 ceteris
1048 1215 1250 1288 offerrentur

281 1332 496 1429 “Principis
525 1333 693 1422 Romani,
727 1360 800 1404 non
828 1333 944 1405 Parthi
976 1333 1065 1429 regis
1092 1333 1165 1404 silio
1192 1359 1249 1406 eas

282 1452 446 1546 “epulas
479 1450 603 1522 dari:''
645 1450 837 1548 abjecitque
870 1452 967 1523 simul
1000 1476 1178 1540 coronam,
1213 1456 1248 1522 br

282 1571 394 1641 multa
416 1570 451 1640 in
467 1571 592 1641 luxum
608 1569 757 1657 addidit,
781 1595 857 1666 quae
874 1569 1099 1658 Germanico,
1125 1595 1247 1667 quam-

283 1713 390 1784 quam
407 1690 545 1777 acerba,
562 1690 794 1760 tolerabantur
811 1705 939 1759 tamen.

330 1807 462 1877 LVIII.
485 1808 607 1878 lucan
635 1830 712 1901 quae
735 1809 779 1877 ab
806 1829 888 1902 rege
912 1807 1120 1878 Parthorum
1146 1810 1248 1880 Arta-

284 1925 376 1997 bano
400 1923 506 2022 legati
528 1925 675 1995 vendre:
704 1921 839 1995 miserat
865 1921 1096 1994 “amicitiam
1119 1949 1158 1995 ac
1181 1923 1247 1994 soe-

285 2050 312 2084 “
328 2045 418 2115 dus''
440 2062 701 2130 memoraturos,
727 2045 761 2113 δι
787 2048 956 2136 “cupere
981 2040 1136 2112 renovari
1162 2043 1249 2115 dex·

282 2169 313 2204 “
329 2181 412 2251 tras,
438 2162 670 2257 daturumque
692 2157 817 2231 honori
839 2157 1051 2248 Germanici,
1079 2176 1118 2230 ut
1138 2159 1249 2255 ripam

287 2276 521 2376 “Euphratis
548 2279 746 2350 accederet:
778 2295 895 2372 petere
917 2274 1075 2373 interim,
1105 2301 1148 2348 ne
1176 2279 1249 2351 Vo-

284 2404 314 2440 “
332 2421 439 2469 nones
455 2396 492 2467 in
506 2395 602 2491 Syris
617 2396 813 2498 haberetur,
833 2418 900 2464 neu
918 2417 1075 2488 proceres
1092 2395 1250 2491 gentium

286 2520 315 2558 “
334 2514 537 2611 propinquis
553 2511 680 2585 nuntiis
697 2515 742 2584 ad
758 2510 940 2584 discordias
956 2513 1140 2584 traheret.''
1188 2515 1251 2586 Ad

285 2659 325 2706 ea
339 2632 579 2720 Germanicus,
601 2631 647 2702 de
664 2629 822 2703 socictate
844 2634 1086 2702 Romanorum
1105 2633 1250 2704 Partho·

285 2777 447 2850 rumque,
476 2749 684 2847 magnifice:
723 2751 768 2819 de
791 2748 945 2818 adventu
972 2746 1062 2844 regis
1091 2752 1124 2819 δε
1152 2749 1251 2821 cultu

276 2869 350 2960 sul,
374 2895 456 2943 cum
472 2870 598 2940 decore
614 2892 653 2937 ac
670 2863 838 2936 modestia
853 2862 1034 2960 respondit.
1083 2867 1251 2938 Vonones

284 2984 577 3084 Pompeiopolim,
595 2982 724 3056 Cilicia
741 2982 947 3054 maritimam
964 2985 1099 3072 urbem,
1117 3005 1252 3056 amotus

285 3107 357 3180 est:
383 3107 504 3178 datum
525 3101 562 3175 id
585 3128 655 3174 non
677 3098 786 3173 modo
809 3099 969 3196 precibus
992 3101 1170 3191 Artabani,
1193 3101 1252 3174 sed

285 3223 505 3297 contumeliae
532 3219 677 3309 Pisonis,
702 3217 759 3291 cui
785 3217 987 3316 gratissimus
1010 3236 1080 3291 erat
1103 3220 1150 3291 ob
1174 3220 1251 3316 plu-

224 3357 227 3361 ’
285 3343 371 3418 rima
395 3341 509 3414 officia
533 3345 568 3412 δι
595 3340 701 3427 dona,
727 3337 854 3435 quibus
878 3335 1080 3410 Plancinam
1104 3336 1252 3411 devinx-

286 3483 411 3655 ersith.
433 3582 490 3654 M.
505 3581 670 3668 Suam,
688 3580 734 3649 L.
751 3574 923 3649 Norbano
940 3571 1148 3662 consulibus,
1166 3575 1253 3646 Ger·

288 3698 443 3772 manicus
458 3699 657 3796 AEgyptum
675 3693 912 3792 proficiscitur,
930 3690 1177 3790 cognoscenda
1194 3717 1254 3762 an-

161 3849 174 3864 ·
287 3813 470 3910 tiquitatis:
487 3814 546 3888 sed
558 3841 638 3887 cura
650 3813 839 3913 provincia
852 3812 1141 3910 pretendebatur:
1161 3809 1253 3882 leva·

289 3933 425 4029 vitque,
446 3933 567 4028 apertis
585 3933 728 4023 horreis,
756 3931 865 4029 pretia
881 3930 1046 4029 frugum:
1075 3929 1254 4025 multaque

289 4049 327 4123 in
354 4051 482 4150 Vulgus
510 4068 606 4148 grata
629 4049 821 4149 usurpavit,
856 4055 922 4125 sme
947 4047 1056 4124 milite
1083 4047 1253 4134 incedere,

746 4169 763 4240 I
791 4193 810 4240 2
