3259 5284
356 601 404 669 40
539 573 895 648 ceolum
929 574 1138 650 Taciti

358 752 387 790 “
398 746 488 820 dum
519 749 637 822 adulta
668 747 871 823 auctoritate
903 749 1088 846 comprimi
1122 768 1250 848 queat:
1285 753 1335 827 ire

359 874 386 912 “
399 865 529 965 ipsum,
563 871 597 940 δι
629 893 807 966 opponere
835 867 1045 968 majestatem
1075 869 1333 967 imperatoriam

358 994 387 1032 “
399 987 557 1062 debuisse
577 987 730 1080 cesliiris,
759 988 822 1063 ubi
838 988 1038 1088 Principem
1065 992 1171 1090 longa
1196 991 1333 1088 experi-

359 1114 387 1151 “
400 1106 505 1197 entia,
534 1110 772 1208 eumdemque
803 1107 989 1184 severitatis
1018 1113 1053 1184 δι
1085 1109 1334 1184 munificentia

359 1224 581 1301 “summum
602 1228 777 1302 vidissent.
801 1235 872 1304 'An
890 1229 1091 1329 Augustum
1119 1227 1203 1304 fessi
1217 1249 1332 1320 atate,

359 1353 388 1391 “
401 1346 527 1420 totiens
552 1347 589 1419 in
614 1347 818 1431 Germanias
843 1374 1038 1426 commeare
1064 1349 1234 1448 potuisse:
1266 1349 1332 1421 Ti·

359 1473 387 1509 “
400 1466 536 1541 berium
563 1466 742 1566 vigentem
758 1467 869 1559 annis,
896 1465 1010 1543 sedere
1032 1468 1068 1542 in
1088 1469 1206 1543 senatu
1227 1470 1334 1542 verba

359 1592 388 1630 “
402 1605 540 1683 patrum
566 1588 814 1661 cavillantem?
845 1586 922 1661 satis
944 1588 1161 1687 prospectum
1179 1589 1334 1662 Urbanae

360 1712 388 1750 “
401 1703 577 1783 servituti:
605 1706 810 1780 militaribus
836 1707 960 1782 animis
986 1707 1183 1782 adhibenda
1197 1705 1333 1780 fomen-

360 1831 388 1869 “
401 1844 451 1915 ta,
477 1845 516 1898 ut
532 1823 617 1900 serre
635 1850 758 1924 pacem
776 1829 924 1901 velint.''

364 1965 367 1971 ’
406 1947 559 2020 XLVII.
584 1949 781 2022 lituorum
798 1945 957 2022 adverliis
973 1973 1031 2023 eos
1048 1945 1232 2037 sermones,
1265 1948 1333 2022 fiir-

358 2090 492 2164 umque
516 2065 659 2140 Tiberio
684 2064 764 2158 suit,
794 2094 865 2141 non
891 2067 1049 2142 omittere
1075 2086 1334 2164 capuccium,

357 2209 474 2283 neque
488 2184 522 2259 se
537 2211 682 2285 remque
698 2187 878 2286 publicam
894 2187 931 2261 in
954 2184 1069 2260 casum
1091 2188 1182 2259 dare.
1232 2187 1333 2260 Mul.

358 2323 395 2377 ta
422 2305 555 2404 quippe
582 2310 617 2381 δι
646 2305 778 2380 diversa
804 2309 1002 2406 angebant:
1042 2305 1241 2378 “validior
1273 2329 1335 2402 per

358 2425 626 2500 “Germaniam
658 2427 854 2512 exercitus:
897 2425 1038 2524 propior
1068 2427 1163 2524 apud
1194 2427 1333 2499 Panno-

359 2551 388 2589 “
401 2545 521 2620 niam:
551 2547 611 2620 ille
627 2546 820 2620 Galliarum
837 2546 964 2644 opibus
981 2543 1163 2635 subnixus,
1192 2545 1249 2620 hic
1264 2549 1333 2620 lta-

359 2670 388 2707 “
402 2664 456 2741 liae
488 2665 700 2744 imminens:
729 2688 818 2764 quos
845 2665 952 2765 igitur
977 2663 1183 2740 anteferret?
1209 2691 1264 2756 ac,
1290 2689 1335 2740 ne

360 2785 580 2883 “postpositi
613 2785 826 2862 contumelia
857 2783 1130 2860 incenderentur.
1190 2790 1240 2861 At
1274 2809 1335 2884 per

360 2912 389 2950 “
403 2905 492 2979 filios
509 2906 633 3005 pariter
648 2905 748 2996 adiri,
773 2902 946 3005 majestate
961 2904 1066 2996 salva,
1101 2904 1158 2978 cui
1183 2904 1291 3004 major
1314 2927 1335 2980 e

360 3025 599 3124 “longinquo
622 3026 834 3100 reverentia:
862 3027 960 3101 simul
981 3024 1256 3102 adolescentibus
1273 3048 1333 3100 eir-

361 3151 392 3188 “
404 3144 573 3235 culmum,
601 3147 762 3243 quadam
778 3146 824 3220 ad
845 3163 978 3243 patrem
999 3143 1158 3244 rejicere:
1185 3145 1334 3220 resisten-

360 3272 389 3308 “
402 3265 521 3362 resque
536 3264 760 3355 Germanico,
786 3286 845 3339 aut
861 3263 987 3357 Druso,
1018 3269 1111 3363 poffe
1137 3293 1158 3340 a
1182 3263 1214 3338 se
1240 3264 1334 3338 miti-

363 3389 391 3426 “
405 3383 478 3482 gari
495 3386 551 3457 vel
569 3385 728 3484 infringi:
757 3386 854 3483 quod
881 3385 975 3460 aliud
996 3384 1197 3475 subsidium,
1227 3386 1249 3457 si
1267 3384 1333 3458 im·

363 3510 391 3548 “
405 3524 596 3600 peratorem
611 3503 812 3602 sprevissent
827 3507 867 3579 ?”
892 3506 1070 3596 Ceterum,
1096 3526 1136 3578 ut
1152 3504 1226 3605 jam
1242 3502 1335 3602 jam·

363 3649 433 3722 que
464 3623 586 3715 iturus,
625 3625 712 3724 legit
744 3625 903 3717 comites,
945 3625 1152 3722 conquisivit
1185 3623 1336 3722 impedi-

361 3763 492 3833 menta,
519 3744 699 3818 adornavit
724 3771 853 3819 naves:
879 3771 966 3820 mox
992 3745 1159 3838 hiemem,
1188 3765 1248 3820 aut
1276 3765 1336 3817 ne-

363 3861 459 3961 gotia
480 3864 571 3936 varie
593 3863 761 3956 causatus,
787 3865 902 3963 primb
928 3867 1128 3964 prudentes,
1154 3864 1237 3942 dein
1258 3863 1336 3940 vul·

363 4005 463 4083 gum,
487 3983 670 4060 diutissime
688 3985 882 4084 provincias
898 3983 1031 4061 fefellit.
