3259 5284
385 545 433 638 48
609 499 960 618 csennnnnu
994 546 1193 634 Tnetrr

387 716 495 808 baris,
520 713 653 815 quanto
677 718 757 818 quis
778 719 924 794 audacia
947 743 1147 820 promptus,
1170 725 1269 800 tantb
1288 753 1363 803 ma·

387 837 441 936 gis
465 839 571 929 fidus,
600 835 773 937 rebusque
787 839 892 914 motis
908 840 1024 938 potior
1039 843 1197 918 habetur.
1248 849 1362 922 Addi-

386 959 486 1032 derat
506 957 662 1058 Segestes
692 959 815 1058 legatis
851 959 979 1050 filium,
1005 963 1148 1036 nomine
1177 963 1363 1065 Segimun-

386 1080 495 1152 dum:
514 1075 574 1152 sed
578 1077 721 1177 juvenis
732 1077 942 1154 conscientia
951 1084 1199 1158 cunetabatur:
1228 1087 1364 1186 quippe

386 1223 494 1289 anno,
526 1225 598 1297 quo
622 1200 821 1274 Germaniae
857 1199 1044 1294 descivere,
1082 1201 1239 1279 sacerdos
1267 1210 1363 1304 apud

387 1322 500 1394 Aram
520 1319 702 1394 Ubiorum
723 1342 872 1413 creatus,
897 1343 1037 1420 ruperat
1058 1323 1174 1415 vittas,
1192 1325 1363 1425 profugus

386 1439 434 1514 ad
457 1439 612 1514 rebelles.
674 1443 861 1516 Adduttus
885 1461 1002 1516 tamen
1026 1443 1062 1516 in
1086 1441 1182 1540 spem
1208 1443 1361 1520 clemen·

384 1557 443 1634 tiae
477 1563 667 1651 Romanae,
703 1561 846 1659 pertulit
879 1562 985 1660 patris
1023 1563 1201 1654 mandata,
1236 1565 1360 1666 benig·

385 1681 501 1777 neque
523 1702 691 1779 exceptus
726 1707 810 1755 curn
838 1681 997 1778 praesrdio
1025 1682 1201 1757 Gallicam
1235 1684 1272 1758 in
1313 1687 1359 1760 ri.

387 1825 472 1897 pam
492 1799 612 1875 milsus
640 1799 701 1874 est.
751 1801 965 1875 Germanico
989 1801 1141 1898 pretium
1169 1801 1249 1894 fuit,
1275 1831 1360 1879 con-

384 1939 522 1994 vertere
566 1945 731 2018 agmen:
770 1941 1041 2020 pugnatumque
1076 1920 1115 1994 in
1153 1923 1361 2016 oblidentes,

386 2041 422 2112 &
451 2058 590 2137 ereptus
625 2039 780 2138 Segestes
807 2042 938 2138 magna
965 2067 1048 2114 curn
1079 2040 1362 2139 propinquontm

386 2163 421 2233 δι
447 2159 626 2234 clientium
645 2185 764 2233 manu.
814 2163 953 2234 Inerant
973 2159 1113 2235 feminae
1135 2162 1283 2254 nobiles,
1306 2163 1359 2235 in-

385 2298 438 2352 ter
469 2305 557 2377 quas
577 2305 669 2353 uxor
695 2278 863 2371 Arminii,
892 2282 1088 2378 eademque
1109 2280 1181 2354 filia
1199 2283 1359 2380 Segestis,

388 2396 504 2471 mariti
527 2398 640 2497 magis
664 2400 774 2497 quim
798 2400 948 2496 parentis
972 2398 1105 2492 anim0,
1130 2424 1245 2498 neque
1269 2402 1361 2477 vieta

384 2518 422 2591 in
435 2517 608 2609 lacrimas,
637 2543 751 2616 neque
766 2543 856 2593 voce
871 2517 1033 2618 supplex,
1055 2523 1251 2619 compresfis
1272 2521 1360 2596 intra

384 2641 498 2711 finum
514 2637 690 2728 manibus,
714 2638 902 2736 gravidum
917 2660 1054 2714 uterum
1069 2639 1218 2716 intuens.
1259 2643 1289 2714 F
1289 2665 1360 2716 ere·

386 2759 517 2832 bantur
540 2761 574 2830 az
597 2755 706 2854 spolia
717 2758 874 2832 Varianae
892 2760 1015 2851 cladis,
1038 2747 1209 2857 plerisque
1221 2784 1358 2852 eorum,

385 2876 448 2975 qui
471 2896 550 2951 tum
574 2875 611 2948 in
639 2875 856 2951 deditionem
883 2878 1085 2970 veniebant,
1118 2879 1246 2976 praedae
1268 2879 1360 2953 data.

383 2996 496 3071 Simul
507 2996 662 3095 Segestes
677 2993 749 3094 ipse
765 2996 888 3094 ingens
910 2997 1000 3088 visu,
1032 3003 1066 3072 δε
1079 2999 1245 3074 memoria
1257 3003 1360 3075 bonae

383 3115 555 3191 societatis
566 3115 792 3214 impavidus:
819 3119 927 3191 verba
950 3115 1022 3215 ejus
1047 3117 1085 3190 in
1106 3118 1360 3192 huncntodum

385 3233 495 3309 fuere.

430 3355 564 3428 LVIII.
583 3361 612 3397 “
625 3356 719 3429 Nou
739 3379 808 3429 ure
829 3355 917 3429 mihi
931 3356 1063 3454 primus
1085 3379 1168 3454 erga
1185 3357 1359 3453 populum

384 3480 415 3518 “
432 3477 640 3548 Romanum
664 3474 746 3547 fidei
773 3480 807 3548 δι
830 3475 1031 3549 constantiae
1055 3475 1152 3551 dies:
1184 3500 1229 3549 ex
1246 3500 1361 3574 quoa

384 3593 514 3666 “divo
547 3593 712 3691 Augusto
739 3594 880 3668 civitate
916 3597 1064 3670 donatus
1099 3595 1189 3686 sum,
1217 3589 1361 3670 ¹amicos

384 3719 414 3758 “
431 3711 660 3810 inimicosque
671 3737 717 3787 ex
729 3714 847 3788 vestris
858 3713 1064 3790 utilitatibus
1075 3715 1215 3815 delegi:
1246 3741 1361 3813 neque

384 3840 413 3879 “
430 3832 515 3906 odio
527 3832 662 3932 patriae,
681 3835 836 3934 (quippe
849 3835 1054 3933 proditores,
1080 3835 1186 3911 etiam
1208 3833 1249 3909 iis
1272 3861 1361 3933 quos

384 3941 413 3999 ‘³
430 3972 664 4054 anteponunt,
691 3951 790 4028 invisi
815 3953 913 4052 sunt)
935 3954 1057 4031 verbm
1081 3955 1165 4054 quia
1189 3955 1359 4032 Romanis
