3259 5284
367 572 411 666 58
556 561 1147 650 C.Conuai11Tnc1rr

364 740 566 814 desetudre:
591 743 718 839 vulgus
747 740 956 815 trucidatum
988 745 1049 834 est,
1078 747 1188 818 donec
1216 745 1266 819 ira
1297 747 1331 822 dc

364 859 437 932 dies
455 864 648 956 pennansrt.
697 863 814 933 Node
829 861 974 932 demum
998 862 1137 936 reversae
1163 865 1331 962 legiones,

364 980 523 1076 quamvis
540 982 618 1075 plus
634 981 831 1068 vulnerum,
865 982 987 1052 eadem
1015 980 1173 1053 ciborum
1202 985 1331 1080 egestas

362 1095 534 1196 fatigaret,
554 1099 641 1190 vim,
674 1097 867 1191 sanitatem,
892 1097 1022 1196 copias,
1047 1102 1171 1172 cuneta
1194 1101 1231 1173 in
1258 1103 1330 1176 vic·

363 1215 450 1288 toria
477 1218 640 1290 habuire.

408 1337 546 1409 LXIX.
581 1338 845 1410 Psnvnsannr
889 1336 1025 1409 interim
1057 1336 1328 1410 “circumventi

363 1461 391 1498 “
409 1455 601 1528 exercitiis''
623 1454 726 1545 fama,
758 1461 791 1529 δι
810 1453 969 1528 “infesto
993 1457 1248 1528 Germanorum
1266 1482 1328 1553 ag-

364 1581 392 1616 “
410 1573 503 1646 mine
519 1575 647 1648 Gallias
663 1574 731 1670 peti
744 1577 781 1647 :''
814 1599 854 1647 ac
870 1573 906 1645 ni
924 1573 1117 1670 Agrippina
1132 1573 1329 1670 impositum

364 1694 493 1765 Rheno
524 1713 668 1789 pontem
694 1685 779 1764 solvi
807 1692 1042 1789 prohibuisset,
1083 1711 1176 1763 erant
1205 1693 1329 1790 quiid

362 1811 533 1908 flagitium
550 1809 733 1883 formidine
749 1812 914 1884 auderent
931 1839 939 1882 :
973 1806 1031 1882 sed
1062 1807 1191 1882 femina
1207 1811 1329 1908 ingens

363 1927 482 2018 animi,
499 1929 618 2000 munia
632 1928 729 2002 ducis
747 1954 807 2025 per
823 1955 880 2002 eos
895 1927 968 2002 dies
1000 1928 1125 2017 induit,
1151 1929 1328 2004 militibus-

363 2072 431 2144 que
442 2067 482 2119 ut
499 2047 574 2143 quis
590 2046 701 2143 inops,
720 2067 779 2120 aut
795 2047 938 2136 saucius,
964 2046 1093 2120 vestem
1117 2053 1151 2119 ἃ
1175 2047 1329 2123 fomenta

361 2164 520 2261 dilargita
545 2165 602 2238 est.
659 2165 782 2239 Tradit
801 2166 842 2239 C.
869 2165 1012 2254 Plinius,
1040 2167 1328 2241 Germanicorum

361 2285 533 2356 bellorum
553 2281 705 2379 scriptor,
734 2284 855 2357 stetiffe
869 2284 960 2378 apud
977 2281 1327 2381 principium‘pontis,

363 2402 479 2474 laudes
506 2405 539 2472 ὅτ
566 2421 678 2497 grates
693 2406 830 2474 reversis
846 2401 1038 2498 legionibus
1054 2403 1250 2476 habentem.
1284 2404 1327 2475 Itl

361 2519 494 2592 Tiberii
520 2521 677 2592 animum
702 2519 800 2592 altilis
827 2517 1027 2614 penetravit.
1083 2522 1208 2592 “Non
1234 2520 1327 2594 enim

278 2674 281 2678 ·
363 2643 391 2682 “
410 2638 576 2735 simplices
593 2664 648 2710 eas
665 2663 759 2710 curas
776 2666 784 2710 ι
818 2663 881 2712 nec
897 2637 1058 2710 adversus
1073 2658 1234 2712 externos
1262 2638 1326 2712 mi·

363 2761 391 2798 “
408 2756 505 2828 litem
522 2756 651 2853 quari:
677 2754 761 2828 nihil
783 2755 939 2828 relidum
962 2755 1234 2852 imperatoribus,
1266 2758 1329 2832 ubi

362 2883 389 2918 “
407 2873 534 2948 femina
551 2876 743 2972 manipulos
759 2873 944 2966 intervisat,
974 2879 1069 2973 signa
1083 2878 1196 2967 adeat,
1224 2877 1327 2975 largi-

363 3004 391 3038 “
408 2995 539 3066 tionem
555 3015 677 3083 tentet,
711 3014 890 3092 tamquam
906 3019 1028 3090 parum
1054 2995 1235 3068 ambitiose
1261 2995 1328 3068 fili·

363 3121 469 3187 “um
497 3112 594 3185 ducis
618 3114 747 3210 gregali
763 3113 882 3188 habitu
903 3109 1128 3201 circumferat,
1163 3112 1326 3205 Caesarem-

363 3240 391 3276 “
409 3256 478 3328 que
488 3231 658 3325 Caligulam
674 3230 838 3326 appellari
854 3230 948 3304 velit.
965 3227 1219 3325 Potioremjam
1231 3231 1326 3325 apud

363 3357 392 3394 ‘⁴
409 3346 576 3421 exercitus
605 3347 852 3444 Agrippinam,
892 3348 999 3444 quam
1036 3347 1180 3443 legatos,
1219 3349 1328 3443 quam

362 3475 390 3511 “
407 3467 534 3538 duces:
565 3468 789 3560 comprellam
815 3492 837 3540 a
862 3466 1003 3539 muliere
1028 3462 1243 3556 seditionem,
1271 3466 1327 3540 cui

363 3593 391 3631 “
409 3608 539 3658 nomen
553 3583 719 3681 Principis
735 3584 893 3658 obsistere
921 3609 993 3660 non
1020 3581 1204 3680 quiverit.’'
1253 3589 1326 3659 Ac·

361 3704 528 3778 cendebat
544 3704 618 3775 haec
634 3705 865 3802 onerabatque
880 3701 1030 3801 sejanus,
1054 3701 1174 3799 peritia
1189 3729 1327 3778 morum

263 3814 265 3817 ’
360 3827 396 3897 T
397 3821 506 3913 iberii,
535 3821 614 3894 odia
629 3821 666 3893 in
683 3823 830 3922 longum
840 3821 984 3921 jaciens,
1007 3847 1084 3921 quae
1111 3824 1324 3916 reconderet,

360 3945 527 4040 aridaque
549 3961 730 4041 promeret.
