3259 5284
397 562 462 633 188
657 560 699 631 C.
724 559 968 635 Connntrr
998 560 1175 635 Tncrrr

392 732 491 829 qubd
518 732 588 829 ipse
604 735 807 807 creberrime
824 734 1083 833 interrogabat:
1115 759 1228 831 neque
1256 733 1356 807 resel-

392 852 473 941 lere,
503 874 563 927 aut
587 856 738 945 eludere,
767 856 938 940 dabatur3
966 880 1006 927 ac
1023 852 1111 951 saepe
1128 852 1231 926 etiarn
1248 856 1356 926 confi-

392 972 538 1045 tendum
556 994 640 1063 erat,
670 1000 714 1046 ne
728 972 852 1047 frustra
870 973 1083 1069 quaesrviffet.
1131 975 1254 1044 Servos
1271 998 1358 1069 quo·

391 1116 462 1188 que
501 1092 620 1181 Silani,
653 1114 694 1167 ut
720 1091 901 1165 tormentis
934 1092 1235 1187 interrogarentur,
1265 1092 1359 1162 aclor

392 1211 554 1307 publicus
568 1212 743 1309 mancipio
757 1231 962 1309 acceperat:
985 1215 1019 1283 δι
1042 1236 1086 1283 ne
1113 1210 1188 1307 quis
1210 1212 1357 1283 necessa-

388 1330 520 1403 rionrm
541 1330 678 1427 juvaret
710 1331 973 1427 periclitantem,
1003 1328 1182 1425 majestatis
1213 1328 1357 1401 crimina

390 1447 636 1537 subdebantur,
664 1450 819 1522 vinclum
837 1454 870 1522 δι
888 1452 1059 1521 necessitas
1076 1448 1206 1521 silendi.
1248 1446 1360 1543 Igitur

394 1568 501 1665 petito
518 1594 709 1665 paucorum
736 1568 873 1641 dierum
903 1566 1095 1663 interjectu,
1125 1564 1358 1639 defensionem

392 1686 445 1760 sul
469 1686 628 1776 desentit,
658 1691 743 1761 ausis
773 1690 819 1759 ad
847 1687 1012 1761 Caesarem
1030 1685 1209 1775 codicillis,
1235 1684 1360 1782 quibus

393 1805 563 1879 invidiam
589 1812 623 1879 δι
650 1832 767 1903 preces
792 1806 984 1879 miscuerat.

440 1927 608 1997 LXVIII.
635 1927 848 2016 Tiarantos,
868 1952 946 2023 quae
968 1926 1003 1997 in
1029 1925 1183 1997 Silanum
1201 1926 1357 2021 parabat,

395 2044 469 2141 quo
485 2042 678 2118 excusatius
692 2045 756 2118 sub
773 2047 937 2141 exemplo
956 2045 1203 2140 acciperentur,
1226 2044 1361 2116 libellos

393 2164 468 2235 divi
496 2164 647 2261 Augusti
676 2166 722 2235 de
752 2162 876 2235 Voleso
904 2164 1063 2251 Messala,
1091 2162 1239 2259 ejusdem
1271 2166 1361 2235 nna

397 2282 613 2378 proconsule,
641 2280 842 2379 fastumque
869 2282 905 2353 in
932 2307 1013 2353 eum
1040 2280 1363 2353 senatusconsultum

396 2401 529 2473 recitari
549 2400 662 2499 jubet.
711 2402 808 2473 Tum
827 2404 873 2473 L.
894 2399 1055 2473 Pisonem
1076 2397 1276 2473 sententiam
1307 2426 1362 2473 ro·

398 2540 480 2617 gat:
508 2518 566 2593 ille
582 2522 735 2593 multum
745 2520 791 2591 de
819 2526 846 2563 “
860 2519 1044 2593 clementia
1059 2518 1252 2615 Principis''
1275 2546 1362 2616 prae-

396 2640 501 2732 fatur,
532 2648 561 2683 “
574 2644 666 2737 aqul
691 2659 796 2737 atque
822 2640 895 2738 igni
920 2640 1035 2713 Silano
1063 2638 1364 2715 interdicendum”

397 2759 539 2850 censuit,
567 2758 793 2857 “ipsumque
815 2759 853 2830 in
876 2758 1019 2831 insulam
1037 2760 1193 2855 Gyarum
1210 2759 1365 2855 relegan-

399 2888 427 2923 “
445 2882 569 2952 dum.''
617 2880 752 2951 Eadem
777 2878 893 2969 ceteri,
921 2878 980 2951 nifi
997 2877 1094 2976 qubd
1110 2879 1176 2951 Cn.
1194 2878 1365 2950 lentulus

398 3007 426 3042 “
444 2996 630 3095 separanda
645 2997 749 3069 Silani
767 3016 919 3071 materna
935 3001 1027 3071 bona
1045 2997 1195 3094 (quippe
1216 2999 1280 3069 alit
1305 3023 1365 3093 pa-

400 3126 545 3190 “rente
574 3116 698 3214 geniti)
726 3118 972 3213 reddendaque
997 3116 1095 3189 filio''
1125 3116 1228 3206 dixit,
1256 3118 1366 3189 adnn-

399 3259 478 3310 ente
493 3235 651 3308 Tibcrio.
691 3240 741 3308 At
756 3236 939 3308 Cornelius
958 3237 1155 3326 Dolabella,
1179 3237 1266 3308 dum
1283 3237 1368 3308 adu·

400 3356 566 3429 lationem
582 3354 722 3451 longius
736 3352 901 3451 sequitur,
920 3354 1092 3449 increpitis
1113 3356 1155 3427 C.
1173 3354 1276 3427 Silani
1292 3381 1367 3427 mo·

400 3474 507 3564 ribus,
521 3472 670 3561 addidit,
697 3480 724 3514 “
741 3498 785 3545 ne
807 3472 885 3569 quis
902 3472 973 3545 vital
991 3472 1184 3569 probrosus,
1208 3479 1241 3547 δι
1266 3500 1368 3569 oper·

403 3602 430 3637 “
449 3614 505 3665 tus
521 3591 675 3681 infamia,
696 3591 913 3687 provinciam
929 3589 1102 3664 sortiretur
1116 3622 1125 3675 ;
1152 3592 1257 3689 idque
1270 3594 1370 3666 Prin-

403 3720 431 3755 “
449 3736 531 3809 ceps
548 3708 772 3807 dijudicaret:
801 3736 884 3784 nam
903 3738 924 3783 a
940 3711 1075 3809 legibus
1092 3712 1216 3784 delicta
1233 3712 1367 3809 puniri:

363 3892 375 3913 ,
403 3839 431 3875 “
451 3830 582 3927 quanto
609 3828 683 3903 fore
709 3829 824 3903 mitius
849 3830 884 3902 in
908 3830 1011 3927 ipsos,
1037 3832 1160 3907 melius
1186 3831 1222 3904 in
1247 3830 1370 3924 socios,

405 3949 625 4051 “provideri
651 3974 695 4023 ne
720 3952 957 4047 peccaretur.''
