3259 5284
411 623 480 719 258
602 620 644 693 C.
685 618 952 693 Contracta
990 618 1195 695 Tactrr

409 790 542 863 bellum
567 792 788 887 permitteret.
849 792 979 888 Neque
1000 788 1136 865 senatus
1159 792 1197 865 in
1214 814 1258 864 eo
1286 816 1383 883 cura,

409 933 455 981 an
478 908 611 1005 imperii
629 930 785 983 extrema
800 910 1128 984 dehonestarentur:
1156 936 1267 1009 pavor
1282 910 1384 985 inter·

410 1053 475 1105 nus
509 1048 742 1125 occupaverat
769 1028 916 1119 animos,
948 1028 1005 1103 cui
1038 1028 1235 1103 remedium
1266 1031 1385 1103 adula-

409 1146 507 1219 tione
528 1150 757 1243 quaerebatur.
806 1150 873 1237 Ita,
892 1173 1109 1246 quamquam
1126 1148 1270 1223 divertis
1285 1147 1387 1245 super

410 1268 513 1339 rebus
547 1264 817 1357 consulerentur,
857 1275 884 1310 ‘⁴
909 1292 1004 1339 aram
1032 1267 1253 1357 Clementia,
1291 1292 1385 1341 aram

412 1392 439 1429 ‘⁸'
459 1384 649 1475 Amicitia,
678 1384 875 1483 effigiesque
890 1387 1024 1460 circirm
1039 1386 1178 1461 Caesaris
1194 1412 1236 1461 ac
1251 1384 1388 1483 Sejani”

410 1503 588 1577 censuere:
616 1502 808 1602 crebrisque
833 1504 992 1601 precibus
1008 1506 1261 1605 efflagitabant:
1288 1515 1315 1549 “
1331 1506 1384 1579 ui·

411 1632 438 1669 “
457 1622 552 1697 sendi
576 1622 625 1697 sus
652 1622 790 1719 copiam
813 1623 1000 1699 facerent.'’
1048 1628 1135 1698 Non
1150 1626 1200 1699 illi
1215 1646 1331 1699 tamen
1348 1626 1384 1698 in

409 1748 562 1834 Urbem,
588 1764 646 1817 aut
670 1742 866 1840 propinqua
892 1744 985 1818 Urbi
1010 1746 1156 1843 degreffi
1180 1745 1276 1819 sunt:
1309 1745 1386 1819 satis

412 1864 540 1953 visum,
565 1862 723 1935 omittere
745 1860 906 1951 insulam,
931 1868 965 1936 δι
989 1863 1025 1935 in
1050 1863 1213 1960 pmximo
1236 1866 1386 1962 Campa·

411 1984 477 2057 niae
503 1982 629 2080 aspici:
658 1980 700 2053 eb
717 1981 836 2054 venire
860 2002 986 2079 patres,
1014 2006 1134 2079 eques,
1159 2008 1287 2081 magna
1308 2007 1388 2080 pars

411 2102 536 2200 plebis,
554 2100 649 2173 anxii
673 2125 756 2198 erga
773 2098 950 2197 Sejanum‚
978 2098 1076 2197 cujus
1089 2100 1210 2173 durior
1224 2100 1385 2199 congres-

410 2221 478 2311 sus,
504 2240 608 2317 atque
625 2220 667 2292 eb
691 2244 752 2316 per
768 2219 955 2309 ambitum,
988 2224 1022 2291 δι
1042 2218 1201 2293 societate
1228 2220 1385 2293 confilio-

409 2366 489 2413 rum
512 2342 705 2436 parabatur.
755 2338 842 2411 Satis
864 2338 1042 2413 constabat
1068 2340 1205 2412 auctam
1225 2338 1258 2412 ei
1286 2340 1387 2412 adro·

411 2458 578 2556 gantiam,
620 2456 757 2529 soedum
790 2456 878 2528 illud
918 2456 956 2528 in
997 2457 1183 2553 propatulo
1215 2458 1387 2532 servitium

408 2576 595 2674 speeianti:
615 2577 746 2673 quippe
764 2578 905 2666 Romae,
923 2574 1009 2647 sueti
1025 2573 1190 2650 discursus
1196 2606 1208 2663 3
1234 2582 1270 2651 ἃ
1287 2602 1387 2675 mag·

412 2697 570 2769 nitudine
588 2694 696 2768 Urbis
724 2693 910 2783 incertum,
935 2696 1032 2792 quod
1053 2694 1197 2794 quisque
1214 2698 1259 2769 ad
1275 2722 1386 2795 nego-

410 2816 501 2887 tium
534 2834 668 2913 pergat.
735 2811 789 2885 Ibi
820 2838 961 2910 campe,
1002 2833 1063 2886 aut
1091 2814 1191 2886 litore
1218 2811 1387 2911 jacentes,

411 2935 510 3007 nullo
527 2932 733 3022 discrimine,
758 2934 896 3004 noctem
919 2956 961 3004 ac
976 2932 1086 3021 diem,
1101 2931 1207 3029 juxta
1224 2934 1387 3031 gratiam,

410 3072 468 3127 aut
495 3052 598 3125 fastus
616 3049 805 3147 janitorum
824 3050 1127 3147 perpetiebantur:
1154 3054 1267 3127 donec
1281 3054 1390 3151 idque

410 3172 572 3260 vetitum,
592 3174 806 3242 &revenere
827 3169 864 3241 in
884 3170 1024 3243 Urbem
1045 3170 1184 3267 trepidi,
1210 3197 1299 3268 quos
1315 3198 1389 3246 non

411 3294 583 3380 sermone,
612 3313 683 3361 non
712 3288 787 3359 visu
819 3288 984 3385 dignatus
1010 3307 1100 3360 erat:
1128 3288 1273 3386 quidam
1296 3292 1387 3364 male

412 3414 551 3498 alacres,
570 3407 696 3505 quibus
713 3406 866 3479 infausta
883 3404 1042 3479 amicitiae
1058 3407 1172 3504 gravis
1190 3408 1303 3483 exitus
1319 3411 1388 3485 im·

409 3528 574 3603 minebar.

459 3647 613 3720 LXXV.
654 3646 851 3718 Carnuunr
888 3644 1050 3717 Tiberius
1082 3666 1223 3742 neptem
1259 3648 1388 3747 Agrip·

410 3766 544 3865 pinam,
569 3763 777 3837 Germanico
805 3780 933 3853 ortam,
963 3765 1046 3837 cum
1070 3766 1188 3839 coram
1211 3768 1279 3839 Cn.
1311 3770 1388 3840 Do‹

409 3885 509 3959 mitio
530 3883 730 3972 tradidisset,
755 3883 791 3955 in
816 3884 918 3956 Urbe
945 3883 1107 3957 celebrari
1127 3884 1264 3981 nuptias
1280 3883 1389 3983 juffit.

408 4008 450 4080 In
463 4002 638 4095 Domitio,
651 4000 752 4104 super
768 4000 972 4078 vetustatem
990 4002 1135 4101 generis,
1149 4005 1390 4105 propinquum
