3259 5284
455 564 904 639 Auunsruqun.
942 564 1004 634 IV.
1181 586 1252 660 219

276 738 383 839 guine
433 739 633 840 explebant.
699 740 870 813 Differtur
921 763 982 836 per
1035 734 1250 833 manipulos,

277 859 584 934 “Tacfarinatem
607 886 744 951 omnes,
770 880 897 932 notum
920 878 973 931 tot
996 857 1140 955 proeliis,
1167 882 1251 929 cona

278 987 308 1024 “
326 981 520 1054 seclentur:
553 1008 638 1070 non,
674 980 735 1052 nili
764 981 854 1053 duce
876 977 1068 1067 interfeslq
1095 976 1252 1073 requiem

278 1100 407 1174 “belli
425 1099 536 1174 fore.''
587 1105 638 1173 At
663 1101 734 1189 ille,
760 1097 902 1197 dejeslis
923 1098 1056 1170 circlrm
1083 1096 1253 1192 stipatori-

277 1221 357 1309 bus,
369 1218 644 1319 vinstoquejam
662 1219 750 1309 filio,
765 1223 799 1292 δε
810 1216 922 1291 effufis
940 1212 1096 1313 undique
1110 1220 1245 1291 Roma-

273 1340 342 1432 nis,
377 1342 512 1413 ruendo
541 1340 579 1413 in
618 1341 700 1428 tela,
746 1336 986 1434 captivitatem
1015 1337 1108 1409 haud
1141 1336 1253 1410 inultrl

273 1478 386 1533 morte
418 1461 553 1557 effugit.
605 1459 705 1556 Isque
728 1457 805 1530 finis
822 1456 924 1530 armis
942 1456 1130 1552 impositus.

321 1574 459 1652 XXVI.
508 1582 770 1653 Dornnnrrm
808 1576 939 1673 petenti
972 1575 1094 1648 abnuit
1128 1574 1251 1648 trium-

274 1697 392 1794 phalia
407 1696 586 1787 Tiberius,
612 1695 735 1792 Sejano
761 1695 927 1785 tribuens,
955 1721 999 1769 ne
1020 1698 1115 1768 Blaesr
1140 1720 1252 1769 avun-

275 1816 346 1889 culi
369 1814 441 1913 ejus
468 1819 543 1889 laus
568 1814 804 1889 obsolesceret.
855 1816 921 1889 Sed
945 1841 1060 1913 neque
1081 1814 1203 1889 Blaesus
1223 1810 1252 1888 i·

275 1936 344 2007 deo
361 1931 547 2025 inlustrior,
575 1939 608 2009 br
626 1934 709 2008 huic
734 1954 880 2033 negatus
903 1936 1016 2009 bonor
1034 1936 1182 2035 gloriam
1198 1935 1252 2009 in·

276 2052 399 2127 tendit.
449 2053 595 2151 Qippe
613 2053 749 2129 minore
777 2055 949 2145 exercitu,
975 2054 1125 2153 insignes
1141 2056 1251 2153 capti-

270 2199 349 2263 vos,
376 2175 512 2247 caedem
528 2173 640 2265 ducis,
668 2174 821 2271 bellique
849 2172 999 2247 confessi
1031 2172 1162 2247 famam
1187 2178 1248 2249 de·

267 2312 429 2389 portarat.
479 2294 717 2391 Sequebantur
735 2299 768 2367 br
782 2296 1037 2367 Garamantum
1055 2294 1174 2392 legati,
1193 2322 1249 2369 ra-

269 2412 310 2486 rb
326 2413 363 2485 in
381 2415 482 2486 Urbe
499 2413 573 2502 visi,
601 2438 703 2510 qum,
730 2411 948 2487 Tacfarinate
965 2412 1064 2503 casn,
1094 2414 1250 2511 perculsa

270 2551 370 2627 gens,
397 2555 462 2604 nec
478 2534 590 2628 culpae
608 2527 733 2622 nescia,
760 2534 804 2605 ad
822 2531 1098 2606 satisfaciendum
1117 2539 1250 2632 populo

271 2654 438 2724 Romano
455 2646 600 2722 miserat.
650 2651 810 2748 Cognitis
838 2652 966 2725 dehinc
992 2653 1171 2725 Ptolemaei
1188 2680 1252 2751 per

268 2768 306 2842 id
323 2770 457 2842 bellum
477 2768 609 2857 studiis,
635 2769 797 2866 repetitus
819 2796 863 2842 ex
889 2770 1024 2843 vetusto
1052 2798 1142 2862 mos,
1169 2774 1248 2847 mis·

269 2885 390 2985 susque
423 2910 443 2959 e
474 2884 698 2979 senatoribus,
737 2889 798 2987 qui
836 2888 1026 2987 scipionem
1062 2892 1249 2985 eburnum,

265 3025 388 3103 togam
414 3007 557 3105 pislam,
595 3007 739 3105 antiqua
765 3032 902 3107 parrum
935 3034 1094 3101 munera,
1135 3012 1247 3106 darm,

269 3132 508 3225 “regemque
533 3132 567 3200 δι
595 3126 727 3201 socium
757 3150 863 3227 atque
889 3130 1068 3205 amicum”
1096 3134 1247 3229 appella·

266 3265 330 3319 ret.

314 3368 469 3441 XXVII.
497 3369 647 3441 Enoria
681 3368 809 3458 astate,
836 3389 933 3443 mota
946 3394 1006 3467 per
1026 3369 1163 3445 Italiam
1180 3372 1246 3447 ser·

264 3485 341 3558 vilis
365 3486 447 3559 belli
477 3484 607 3560 semina
636 3486 705 3560 fors
731 3486 905 3585 opprellit.
956 3493 1092 3565 Auclor
1111 3496 1244 3567 tumul-

267 3605 325 3675 tbs
348 3605 395 3675 T.
414 3604 591 3698 Curribus,
618 3609 800 3704 quondam
826 3610 994 3706 praetoria
1011 3612 1163 3687 cohortis
1181 3615 1248 3687 nri·

265 3722 328 3810 les,
356 3722 472 3817 primb
488 3724 636 3799 coetibus
659 3728 890 3819 clandestinis,
917 3732 1247 3827 apuderundisrum

265 3842 299 3912 δι
317 3839 538 3938 circumjesla
564 3845 720 3942 oppida3
747 3873 834 3920 mox
859 3849 975 3945 politis
1005 3854 1186 3949 propalam
1205 3854 1246 3925 li·

266 3958 380 4051 bellis,
416 3962 461 4034 ad
492 3962 685 4040 libertatem
722 3969 872 4041 vocabat
902 3969 1047 4068 agrestia
1073 3996 1134 4067 per
1167 3975 1243 4046 lon-
