3259 5284
334 634 395 684 vm

336 781 467 860 calcem
497 779 633 881 majoris
655 782 918 875 &recentioris,
947 809 1026 882 quae
1053 809 1084 859 a.
1111 809 1197 886 1721
1230 813 1310 887 pro·

335 899 412 974 diit.
462 903 595 976 Eorum
611 921 715 1000 atque
732 901 835 976 etiarn
851 903 956 995 tertii,
975 905 1171 997 Harleiani‚
1190 908 1312 982 lestio·

333 1045 394 1094 nes
410 1021 506 1094 dedit
521 1021 614 1094 idem
627 1023 816 1095 Broterius:
845 1023 907 1120 qui
923 1049 1045 1098 omnes
1060 1023 1175 1099 seculo
1187 1026 1312 1124 quinto

334 1139 474 1214 decimo
491 1141 608 1213 medio
625 1140 766 1238 scriptos
783 1143 899 1222 tradit.

380 1258 583 1333 Personarus
619 1259 762 1358 quidam
805 1262 993 1360 Pompeius
1032 1266 1312 1362 Lampugnanus

334 1376 438 1451 etiam
455 1379 573 1450 Codicis
595 1379 818 1458 Mr'randalani
833 1404 996 1479 excerpta
1019 1381 1175 1481 protulit,
1202 1387 1236 1456 δι
1265 1384 1312 1456 ad

333 1499 493 1596 Lipsrum
511 1498 749 1596 castigandum
778 1499 926 1576 contulit
949 1500 986 1572 in
1011 1502 1113 1591 libro,
1141 1499 1199 1573 cui
1226 1499 1309 1574 titu-

334 1617 410 1698 lus:
447 1617 575 1692 Collatia
596 1621 735 1690 notarum
758 1615 798 1706 J.
825 1617 927 1714 Lipsti
949 1620 984 1690 in
1010 1619 1047 1692 C.
1075 1617 1220 1692 Tacitum
1240 1645 1311 1692 cum

333 1737 415 1808 MS.
435 1737 668 1812 Mirandulano.
710 1737 856 1832 Bergomi
876 1739 980 1810 1602.
997 1739 1032 1810 8.
1080 1738 1154 1812 Sub
1175 1763 1219 1812 eo
1244 1763 1309 1812 no·

332 1855 428 1936 mine
443 1857 548 1930 latere
564 1859 676 1953 Marq.
702 1855 869 1928 Freherum
885 1854 1007 1952 opinio
1023 1855 1095 1942 est;
1128 1882 1236 1954 quam
1258 1858 1310 1932 se·

331 1974 394 2074 qui
420 1979 454 2048 ἃ
482 1974 680 2071 Ryckium,
710 1997 755 2044 ex
777 1994 860 2048 nota
881 1975 927 2047 ad
949 1976 1003 2048 H.
1017 1975 1084 2064 111,
1107 1999 1161 2071 13.
1189 1975 1308 2051 didici.

331 2095 495 2168 Ceterum
519 2093 658 2190 Lipsius
685 2091 720 2163 in
740 2091 963 2188 Dispuntlione
978 2104 1117 2165 notarum
1133 2094 1311 2168 Mirandc·

331 2215 400 2284 lani
415 2213 532 2316 Codicis
556 2237 587 2284 a.
610 2214 709 2283 1602.
731 2209 838 2301 edita,
863 2207 1013 2308 subjedba
1037 2211 1165 2288 deinde
1186 2210 1308 2288 editio·

329 2332 434 2412 nibus
466 2329 618 2425 exempli
650 2328 819 2424 Lipfiani‚
867 2330 965 2404 velut
998 2327 1243 2426 Antverpienfi
1275 2353 1310 2403 a.

336 2453 440 2539 1648.
469 2473 551 2520 eum
567 2446 734 2522 Codicem
752 2466 811 2520 aut
828 2447 967 2522 nullum
987 2449 1068 2539 effe,
1097 2468 1158 2522 aut
1182 2449 1309 2526 nullius

331 2565 589 2668 pretiijudicat.

380 2685 544 2760 Videram
561 2683 665 2758 etiam
682 2685 727 2758 ab
743 2687 778 2779 J.
794 2685 969 2782 Schegkio
980 2686 1027 2758 ad
1035 2687 1159 2760 Vellei.
1183 2715 1219 2787 p.
1238 2713 1310 2786 504

328 2808 385 2882 ed.
402 2809 520 2880 Burm.
550 2803 680 2878 laudari
698 2803 835 2877 codicem
850 2805 1111 2902 Habipolmsm,
1141 2808 1202 2904 qui
1228 2810 1310 2890 effet

329 2926 366 3014 in
391 2925 604 3014 Bibliotheca
628 2922 836 3022 Episcopali.
885 2927 1022 3021 Itaque,
1052 2951 1133 2998 cum
1160 2925 1309 3022 primam

330 3045 520 3122 editionem
538 3045 714 3140 parabam,
733 3041 848 3138 scripsi
860 3042 905 3118 ad
921 3043 1075 3138 aliquem
1091 3044 1206 3118 virum
1222 3046 1308 3120 doc-

330 3186 407 3238 tum
424 3164 459 3236 in
476 3189 516 3236 ea
531 3164 629 3252 urbe,
653 3185 807 3257 quocum
824 3159 955 3257 aliquid
969 3159 1100 3233 notitiae
1117 3160 1203 3237 mihi
1220 3162 1308 3238 olim

331 3284 388 3358 hic
410 3281 533 3368 fuerat,
561 3304 714 3375 eumque
731 3279 866 3376 rogavi,
893 3299 932 3353 ut
954 3279 1041 3377 quid
1057 3279 1200 3362 Codicis
1212 3279 1309 3366 istius

329 3403 424 3490 effer,
452 3395 682 3496 perscriberet,
716 3395 855 3496 ejusque
882 3397 970 3474 mihi
998 3399 1099 3496 copia
1125 3417 1165 3472 ut
1197 3401 1308 3489 fieret,

331 3520 520 3616 perficeret.
569 3516 635 3602 Sed
652 3515 739 3598 nihil
762 3515 912 3614 responfi
941 3518 1017 3591 tuli.
1065 3520 1158 3591 Cum
1181 3516 1308 3594 iterum

330 3638 375 3710 ad
393 3636 611 3709 patrandum
637 3653 774 3714 textum
795 3637 1020 3726 accedebam,
1049 3638 1192 3710 alteram
1208 3639 1308 3719 ‹hanc

330 3755 517 3844 editionem
534 3774 728 3844 curaturus,
756 3753 801 3826 ad
826 3752 935 3828 alium
958 3752 1073 3828 virum
1100 3756 1244 3830 dodum
1271 3757 1308 3837 in

330 3899 372 3954 ea
382 3875 481 3960 urbe,
498 3870 636 3969 seripfi3
657 3897 765 3970 quem
781 3875 963 3968 putabam,
981 3873 1107 3947 idonea
1119 3876 1303 3966 decauffa,

328 4018 403 4082 rem
418 3989 676 4107 suscepturum:
706 3989 803 4102 isque
820 3989 902 4071 fecit
918 3991 1051 4085 omnia,
1081 4013 1117 4067 ut
1133 3991 1205 4102 ejus
1222 3994 1302 4079 libri
