3259 5284
392 595 480 676 xviii

393 797 495 847 corum
509 774 691 873 diligentius
704 772 896 871 observavit.
936 777 1015 872 Jam
1031 780 1160 873 consilia,
1181 788 1266 873 aua,
1279 806 1377 860 roen-

394 906 458 981 tus,
476 908 525 981 ut,
549 898 599 967 dii
611 898 690 981 boni,
710 896 880 994 expendit!
901 898 942 971 &b
956 902 995 973 de
1018 903 1145 991 cannitiis
1171 907 1248 999 quid
1257 908 1378 1003 probet,

394 1016 471 1111 quid
494 1040 563 1088 non.
604 1016 644 1087 In
672 1018 762 1089 rebus
779 1020 874 1113 gestis
895 1044 952 1091 non
966 1021 1069 1114 stolins
1094 1022 1170 1117 qnid
1185 1033 1300 1111 anum,
1315 1026 1380 1121 sed

393 1137 496 1231 quale.
543 1134 600 1207 De
621 1126 833 1209 eventu'vero
858 1162 956 1211 ornnes
983 1138 1089 1233 sardas
1113 1144 1260 1239 explicat,
1291 1144 1378 1237 castus

381 1251 566 1350 sapientia,
597 1259 809 1341 temeritatis,·
831 1258 982 1330 hominum
1009 1280 1102 1356 porro
1128 1288 1184 1333 non
1198 1264 1301 1356 solim
1328 1288 1378 1337 res

391 1373 503 1469 gestas,
517 1375 578 1466 sed
602 1400 670 1471 qna
683 1377 792 1469 forna,
817 1379 895 1473 quod
916 1404 1035 1469 nornen,
1068 1408 1136 1478 qua
1159 1397 1285 1470 natura,
1308 1408 1378 1481 quae

394 1493 479 1564 uita.
529 1492 604 1593 ⁴Quo
618 1492 752 1586 artificio
772 1516 872 1567 omnes
895 1501 964 1570 med
982 1498 1145 1592 fintentib
1157 1503 1263 1597 facili
1280 1506 1374 1586 vicit,

394 1619 444 1687 ita
457 1614 562 1687 creber
575 1618 881 1713 remmsreqnentib,
908 1632 944 1690 nt
964 1622 1128 1693 verbonsm
1147 1629 1245 1718 prope
1269 1646 1376 1695 mme-

394 1756 465 1807 rnns
476 1736 708 1827 sententiarum
739 1760 862 1807 numero
880 1738 1058 1834 seqrsatur3
1096 1744 1144 1810 ita
1173 1742 1243 1811 dein
1270 1742 1377 1813 verbis

394 1868 489 1952 aptus
505 1856 546 1927 ὅ
554 1856 683 1952 preffus,
711 1869 747 1928 nt
762 1855 878 1949 nescias
893 1864 998 1929 utrum
1014 1863 1222 1945 reseratione,
1245 1884 1287 1931 an
1298 1882 1376 1931 ver-

393 1976 435 2045 ba
449 1976 619 2068 sententiis
635 1975 837 2067 illinirentur.
889 1975 929 2046 In
945 1980 1131 2051 concionibus
1160 1981 1270 2070 (audeo
1294 1982 1376 2050 enim

390 2110 534 2191 proruere
556 2093 634 2191 qnod
647 2092 769 2187 sentio)
787 2092 887 2167 Livio
903 2120 1018 2193 qnoque
1031 2099 1258 2193 anteferendus,
1273 2101 1374 2193 magis

393 2228 499 2284 tomen
521 2214 661 2306 Sallustii
674 2224 818 2305 argutam
833 2214 1020 2303 densttatem,
1040 2218 1132 2312 quim
1153 2216 1245 2311 hujus
1259 2218 1376 2311 ampli-

394 2334 531 2403 tudinem
556 2335 710 2402 imitatns.
759 2330 856 2403 Hunc
877 2335 981 2428 primo
1008 2336 1121 2429 legens,
1148 2336 1289 2407 laudabis
1309 2336 1376 2409 elo·

395 2454 578 2548 quantiam·
602 2456 669 2521 cnm
685 2452 799 2521 iterum
815 2452 849 2520 r'n
866 2476 974 2521 manus
978 2452 1161 2548 sumpseris,
1177 2458 1289 2525 mirum
1300 2478 1378 2524 acu·

394 2594 464 2642 men
479 2570 693 2665 deprehmdes,
709 2570 749 2641 Θ
764 2572 939 2657 miraberis,
962 2572 1016 2643 ubi
1032 2573 1273 2643 contubernalem
1302 2572 1376 2643 red·

394 2691 527 2775 diderir,
541 2690 632 2785 sape
648 2686 818 2779 artificiosi
836 2690 954 2761 docebit
975 2694 1144 2778 varietate,
1167 2692 1374 2787 immensique

386 2810 588 2907 juuanditate
602 2809 769 2880 delebiabit
784 2818 809 2877 ¹.
825 2814 847 2859 b

397 2956 401 2961 ·
445 2932 629 3003 Lnuoum
658 2926 916 3027 magnitudine,
940 2922 1063 3025 majori
1089 2928 1201 3024 operis
1226 2928 1374 3002 admira-

395 3049 505 3140 tione,
531 3048 681 3122 excitato
704 3050 789 3121 orbe
812 3046 974 3136 literari0,
1000 3046 1036 3119 in
1060 3046 1183 3121 muscis
1211 3046 1375 3121 omnibus

396 3171 592 3266 quaefitum,
619 3166 745 3263 siquid
761 3164 858 3238 aliud
875 3163 962 3237 tanti
988 3164 1054 3237 viri
1075 3165 1267 3263 supereffet.
1317 3172 1373 3240 Ac

394 3288 539 3359 tandem
554 3284 591 3357 in
608 3283 804 3358 Cosbeienfi
821 3286 835 3321 ¹
852 3285 898 3357 ad
915 3282 1090 3381 Visurgim
1102 3285 1308 3359 monasterio
1330 3287 1376 3361 ab

395 3406 539 3505 Angelo
551 3403 809 3494 Arcomboldo‚
826 3403 959 3477 Leonis
971 3406 1006 3478 X
1023 3403 1203 3479 Pontificis
1218 3404 1374 3479 Maximi

444 3628 455 3657 ⁸
476 3622 520 3680 Ex
538 3618 701 3698 praeintione
722 3616 855 3677 editionis
882 3617 1035 3689 Puteolani,
1062 3619 1167 3697 Jacobo
1192 3618 1371 3699 Antiquario,

396 3718 498 3782 Ducnli
511 3718 673 3789 Secretudo,
692 3716 835 3796 inscripti.

438 3824 453 3853 ⁸
472 3818 609 3895 L‘Abbaye
624 3820 655 3877 de
667 3818 777 3894 Corum,
795 3839 827 3873 en
840 3817 1008 3895 Westpbaite:
1028 3818 1103 3877 locus
1116 3814 1257 3895 religionis
1271 3826 1297 3877 δι
1309 3818 1370 3877 tite·

398 3938 487 3979 nsum
509 3916 603 3977 studiis
620 3916 822 3979 celeberrimor-
862 3916 989 3999 Visurgis
1007 3931 1099 3977 nutem
1122 3916 1231 3985 fluvius,
1252 3940 1324 3978 nunc
1346 3920 1372 3976 tc

400 4022 496 4096 Wlser.
