3259 5284
375 598 445 671 300
566 574 608 647 C.
650 574 914 649 Conuntrr
957 575 1155 649 Tncr'rr

370 750 498 821 rabano
527 747 706 845 plerisque,
736 771 794 825 aut
818 752 975 823 nondum
995 750 1133 837 adultis,
1156 748 1341 835 Phraaten,

370 866 459 964 regis
489 866 642 941 Phraatis
668 867 794 957 filium,
828 872 945 943 Rotnl
967 866 1174 965 poscebant:
1213 872 1240 909 “
1262 868 1341 939 No·

373 990 400 1027 “
418 984 513 1057 mine
538 986 674 1058 tantum
702 990 735 1059 n
761 988 899 1059 austore
921 1012 1022 1083 opus,
1050 1004 1102 1074 ut,
1132 982 1342 1080 spenteCae-

370 1108 399 1146 “
416 1099 507 1193 saris,
536 1128 644 1201 genus
661 1101 795 1177 Arsacis
817 1104 927 1203 ripam
944 1104 1037 1203 apud
1059 1102 1243 1200 Euphratis
1269 1126 1342 1175 cer·

373 1227 400 1263 “
420 1223 590 1294 neretur.'’

420 1342 574 1413 XXXII.
600 1342 787 1415 Cunrrun
806 1341 842 1413 id
858 1340 1024 1415 Tiberio:
1043 1362 1140 1415 ornat
1156 1343 1341 1429 Phraaten,

371 1458 592 1556 accingitque
611 1478 789 1555 paternum
815 1462 861 1533 ad
882 1458 1080 1557 fastigium:
1106 1460 1273 1533 destinata
1289 1484 1342 1531 re·

372 1576 496 1666 tinens,
531 1576 728 1651 consiliis&
751 1580 823 1653 astu
846 1604 898 1653 res
915 1600 1070 1651 externas
1086 1578 1217 1667 moliri,
1247 1603 1344 1651 arma

372 1696 496 1791 procul
520 1698 657 1768 habere.
715 1698 860 1786 Interea,
891 1697 1040 1794 cognitis
1065 1695 1206 1786 insidiis,
1234 1701 1341 1769 Artas

370 1816 482 1887 banus
493 1813 619 1887 tardari
631 1834 749 1900 metu3
772 1815 881 1889 modb
898 1816 1061 1911 cupidine
1076 1814 1237 1888 vindiuae
1254 1814 1342 1887 inar-

372 1932 518 2006 descere.
579 1935 625 2007 Et
654 1933 804 2007 barbaris
831 1933 1016 2022 cunetatio,
1048 1932 1196 2006 servilis:
1230 1932 1344 2005 statim

372 2050 528 2149 exsequi,
553 2050 688 2149 regium
709 2052 855 2125 videtur.
916 2050 1033 2123 Valuit
1059 2070 1174 2123 tamen
1200 2050 1340 2139 utilitas,

373 2190 413 2243 nt
439 2170 599 2258 Abdum,
628 2167 739 2266 specie
763 2169 923 2243 amicitiae
950 2188 1113 2243 vocatum
1138 2171 1183 2241 ad
1210 2170 1341 2265 epulas,

372 2292 467 2362 lento
494 2313 628 2362 veneno
658 2288 842 2386 inligaret;
874 2288 1043 2360 Sinnacen
1075 2286 1342 2361 dissimulatione

372 2433 414 2480 ac
426 2406 540 2497 donis,
555 2408 655 2480 simul
671 2430 731 2503 per
748 2404 903 2503 negotia,
921 2424 1123 2481 moraretur.
1175 2407 1221 2477 Et
1236 2406 1342 2477 Phra-

373 2548 445 2599 ates
466 2526 559 2621 apnd
591 2522 736 2619 Syriam,
765 2526 866 2613 dum,
890 2523 1014 2597 omisso
1041 2524 1136 2596 cultu
1162 2526 1340 2611 Romano,

373 2644 430 2717 cui
453 2667 514 2741 per
537 2663 589 2716 tot
611 2668 718 2717 annos
734 2642 936 2737 insueverat,
960 2640 1112 2714 instituta
1135 2643 1344 2714 Parthorum

372 2762 526 2852 insumit,
555 2760 669 2859 patriis
697 2760 851 2835 moribus
876 2760 1002 2856 impar,
1030 2760 1157 2831 morbo
1182 2758 1344 2855 absump-

373 2906 428 2957 tus
446 2884 506 2957 est.
555 2881 622 2953 Sed
647 2905 718 2953 non
733 2878 895 2952 Tiberius
916 2876 1027 2950 omifit
1054 2876 1202 2974 incepta.
1250 2877 1286 2948 T
1286 2876 1344 2947 iri·

374 3005 479 3077 daten
500 2998 669 3097 sanguinis
691 2994 856 3093 ejusdem,
880 2997 1046 3070 aemulum
1065 2996 1259 3084 Artabano,
1288 3018 1341 3067 re-

373 3120 635 3219 ciperandaeque
653 3116 831 3189 Armeniae
846 3118 988 3188 Iberum
1005 3113 1234 3187 Mithridaten
1258 3115 1345 3188 deli·

372 3240 439 3339 git,
470 3236 700 3332 conciliatque
727 3231 822 3307 fratri
855 3233 1088 3322 Pharasmani,
1123 3233 1184 3330 qui
1213 3234 1347 3331 gentile

374 3356 561 3454 imperium
586 3351 784 3426 obtinebat:
813 3357 847 3425 δι
875 3352 1022 3443 cunetis,
1052 3378 1130 3449 quae
1156 3352 1251 3448 apud
1266 3351 1345 3424 Ori-

373 3498 489 3553 entem
522 3473 739 3569 parabnntur,
774 3472 821 3543 L.
847 3470 1029 3542 Vitellium
1063 3468 1243 3565 praefecit..
1289 3473 1345 3543 Eo

374 3598 419 3669 de
446 3592 586 3665 homine
614 3588 706 3661 haud
735 3586 809 3661 sum
833 3588 972 3685 ignarus
997 3586 1158 3661 srnisttam
1185 3588 1224 3660 in
1249 3590 1348 3662 Urbe

375 3714 519 3799 samam,
551 3709 715 3804 pleraque
746 3704 842 3778 soeda
874 3705 1079 3778 memorari:
1106 3707 1260 3779 ceterlrm
1293 3733 1346 3781 re·

375 3828 497 3934 gendis
514 3823 698 3923 provinciis
715 3824 823 3921 prisca
838 3824 968 3897 virtute
984 3824 1078 3921 egit:
1107 3826 1201 3899 unde
1217 3824 1361 3923 regres·'

377 3954 443 4043 sus,
469 3943 702 4025 &formidine
718 3944 759 4027 C·
776 3940 929 4035 Caesaris,
954 3940 1178 4023 familiaritate
1192 3943 1345 4039 Claudii,
