3259 5284
481 596 785 667 Arvvntrunt
813 586 1011 665 Lsavr.
1206 612 1273 689 291

308 757 540 861 patefaciens:
578 766 820 865 interrogatur,
862 773 890 809 “
914 792 958 839 an
996 763 1093 838 suam
1136 785 1277 860 quoque

309 884 542 981 “genitalem
567 888 689 957 horam
716 884 944 981 comperisset,
968 908 1075 979 quem
1105 901 1182 953 tum
1213 907 1274 953 an·

309 1008 337 1061 f‘
355 1028 455 1092 num,
473 1005 613 1101 qualem
629 1004 725 1077 diem
742 1006 883 1077 haberet
898 1004 938 1075 ?''
967 1004 1030 1074 Ille
1046 1001 1276 1098 pofitus‘srde·

305 1144 398 1210 turn,
438 1147 478 1195 ac
509 1120 615 1219 spatia
644 1120 831 1211 dimensus,
869 1122 999 1193 haerere
1025 1118 1154 1217 primo,
1192 1118 1275 1191 dein

308 1238 501 1335 pavescere,
531 1247 582 1331 ὅτ,
610 1242 781 1339 quantirm
809 1235 1053 1336 introspiceret,
1089 1236 1200 1334 magis
1233 1262 1276 1309 ac

306 1357 418 1455 magis
436 1360 592 1457 trepidus
609 1359 844 1434 admirationis
876 1362 910 1429 δι
942 1359 1069 1447 mettis,
1103 1356 1275 1453 postremo

306 1480 492 1568 exclamat,
538 1486 565 1521 “
583 1480 792 1577 ambiguum
820 1477 882 1551 fibi
908 1503 948 1549 ac
976 1474 1081 1572 prope
1109 1473 1275 1547 ultimum

306 1604 334 1640 “
352 1597 533 1671 discrimen
562 1598 722 1671 instare.''
770 1599 868 1669 Tum
885 1596 1090 1691 'complexus
1107 1620 1190 1667 eum
1208 1593 1274 1665 Ti·

305 1716 435 1805 berius,
471 1724 498 1759 “
513 1696 701 1811 praescium
715 1715 959 1813 periculorum,
994 1714 1028 1786 δι
1059 1713 1276 1786 incolumem

307 1840 334 1875 “
352 1831 447 1905 sore’'
486 1854 658 1931 gratatur3
694 1860 841 1931 quaeque
868 1833 1017 1921 dixerat,
1044 1833 1173 1907 oraculi
1198 1830 1275 1905 vice

306 1951 489 2048 accipiens,
517 1951 602 2024 inter
619 1951 760 2025 intimos
776 1951 969 2025 amicorum
985 1971 1088 2024 tenet.

363 2072 482 2143 XXII.
519 2072 593 2143 Sao
621 2070 707 2143 milri
734 2073 825 2159 haec,
853 2096 894 2143 ac
926 2070 1008 2142 talia
1034 2069 1203 2160 audienti,
1236 2068 1274 2141 in

304 2189 436 2263 incerto
455 2186 630 2286 judicium
646 2190 708 2281 est,
725 2188 843 2263 fatone
858 2215 911 2262 res
928 2190 1130 2263 mortalium
1153 2193 1187 2262 a
1212 2213 1273 2260 ne·

304 2312 450 2383 ceffitate
477 2308 700 2399 immutabili,
726 2334 770 2382 an
794 2306 882 2382 sorte
900 2311 1111 2382 volvantur:
1142 2309 1274 2406 quippe

303 2428 559 2523 sapientissimos
587 2448 756 2517 veterum,
784 2428 916 2525 quique
940 2424 1066 2501 sedam
1091 2453 1210 2501 eorum
1226 2454 1272 2499 ae·

303 2549 491 2636 molantur,
509 2544 658 2619 diversos
675 2546 833 2643 reperies,
857 2572 897 2618 ac
914 2548 1029 2619 multis
1045 2546 1179 2620 infitam
1195 2548 1271 2643 opi-

302 2663 458 2754 nionem,
494 2670 522 2707 “
535 2691 606 2737 non
626 2665 724 2737 initia
749 2664 868 2753 nostrl,
892 2690 965 2737 non
981 2666 1103 2755 finem,
1121 2692 1193 2737 non
1208 2669 1270 2739 de-

303 2783 456 2880 “nique
483 2784 641 2857 homines
680 2782 746 2857 diis
783 2808 886 2857 curae.
946 2784 1032 2856 Ideo
1063 2784 1271 2857 creberrime

303 2902 457 2975 “tristia
484 2902 521 2973 in
560 2904 684 2991 bonos,
710 2904 788 2975 laeta
814 2904 908 2997 apud
934 2903 1117 2976 deteriores
1147 2906 1215 2977 effe
1229 2906 1270 2976 ?''

300 3020 432 3092 Contra
463 3020 534 3110 alii,
572 3028 598 3063 ‘⁴
612 3018 721 3093 saturn
745 3021 890 3118 quidem
916 3046 1107 3119 congruere
1129 3027 1270 3111 rebus,’'

299 3158 436 3234 putant,
466 3136 574 3213 “sed
602 3164 672 3211 non
701 3164 720 3212 e
749 3139 847 3237 vagis
878 3139 995 3229 stellis,
1021 3143 1143 3214 vetinn
1174 3144 1270 3238 apud

301 3265 328 3301 “
348 3257 531 3355 principia,
568 3261 602 3330 δι
643 3282 753 3331 nexus
799 3258 1006 3331 naturalium
1045 3259 1268 3335 causarum:”

295 3402 336 3451 ac
355 3398 471 3451 tamen
498 3383 526 3420 “
543 3376 747 3450 elesiionem
774 3377 880 3451 vitae''
904 3378 1006 3452 nobis
1039 3379 1240 3477 relinquunt
1253 3412 1266 3469 ;

299 3502 451 3594 “quam
479 3496 541 3569 ubi
566 3497 721 3594 elegeris,
757 3518 892 3571 certum
925 3496 1182 3573 imminentium
1209 3527 1266 3574 or-

298 3620 326 3655 “
344 3613 488 3688 dinem:
526 3641 640 3713 neque
669 3618 773 3705 mala,
816 3618 872 3689 vel
906 3618 1013 3707 bona,
1038 3644 1116 3715 quae
1139 3621 1266 3717 vulgus

297 3735 326 3772 “
344 3752 463 3827 putet:
493 3736 636 3823 multos,
660 3736 720 3832 qui
740 3734 928 3809 condidari
949 3738 1095 3811 adversrs
1122 3739 1265 3812 videan-

263 3940 264 3946 ἵ
298 3854 325 3891 “
344 3869 413 3939 tur,
439 3852 580 3938 beatos3
603 3879 643 3925 ac
672 3850 866 3951 plerosque,
890 3852 1104 3953 quamquam
1121 3882 1264 3957 magnas

298 3973 326 4008 “
343 3991 404 4064 pet
422 3993 520 4066 opes,
546 3970 775 4045 miserrimos:
801 3975 826 4045 sr
854 3973 903 4046 illi
929 4000 1072 4072 gravem
1088 3976 1263 4050 fortunam

743 4092 827 4163 Ua
