3259 5284
383 633 478 688 100·
616 605 659 686 C.
682 614 920 688 canneru
952 615 1131 690 Tncrrt

380 784 549 883 Agrippae
573 783 701 875 servus,
731 786 872 860 nomine
899 787 1049 876 Clemens,
1077 805 1256 884 comperto
1281 789 1353 862 fine

380 904 545 1003 Augusti,
569 931 709 1004 pergere
729 906 765 978 in
789 904 932 978 insulam
956 907 1147 979 Planasiam
1172 911 1206 980 δε
1231 907 1351 980 fraude

377 1043 438 1095 aut
455 1024 490 1096 vi
506 1045 643 1122 raptum
660 1025 858 1122 Agrippam
882 1025 969 1098 serre
994 1025 1039 1098 ad
1068 1025 1236 1100 exercitus
1261 1029 1350 1098 Ger-

379 1143 549 1234 manicos,
574 1170 645 1216 non
668 1143 780 1216 servili
803 1145 920 1217 animo
945 1143 1115 1240 concepit.
1165 1143 1258 1216 Ausa
1281 1142 1351 1241 ejus

380 1262 563 1360 impedivit
586 1262 725 1336 tarditas
751 1263 911 1336 oneraria
936 1262 1055 1336 navis:
1087 1282 1191 1358 atque
1215 1262 1354 1334 interim

380 1384 510 1480 patrata
531 1384 640 1471 caede,
663 1383 708 1454 ad
732 1380 911 1479 majora&
928 1381 1040 1478 magis
1057 1379 1245 1478 praecipitia
1266 1406 1351 1453 con-

380 1500 509 1590 versus,
527 1500 659 1574 furatur
673 1500 820 1585 cineres3
847 1497 1032 1596 vectusque
1048 1498 1187 1589 Cosam,
1208 1499 1353 1572 Etruriae

381 1620 672 1717 promontorium,
695 1619 823 1717 ignotis
839 1618 925 1690 locis
941 1616 1007 1691 sese
1023 1617 1132 1708 abdit,
1157 1619 1269 1690 donec
1287 1617 1351 1689 cri-

379 1765 464 1812 nem
488 1742 703 1834 barbamque
728 1737 967 1834 promitteret:
997 1762 1079 1808 nam
1103 1755 1203 1809 aetate
1228 1743 1261 1808 δι
1284 1734 1353 1808 sor-

317 1931 322 1939 ,
382 1863 440 1931 ma
467 1860 563 1930 haud
590 1857 739 1930 dissimili
765 1857 801 1928 in
830 1855 1014 1928 dominum
1039 1875 1120 1928 erat.
1170 1855 1268 1926 Tum
1295 1875 1355 1950 per

381 1978 526 2050 idoneos
551 1980 584 2048 a
606 1974 723 2048 secreti
746 1973 817 2072 ejus
838 1973 960 2064 socios,
984 1971 1163 2047 crebrescit
1191 1973 1355 2045 “vivere

384 2104 412 2140 “
429 2096 671 2194 Agrippam,''
704 2094 849 2167 occultis
877 2094 1030 2189 primum
1059 2091 1286 2181 sermonibus,
1317 2112 1355 2165 ut

383 2214 490 2288 vetita
521 2214 651 2299 solent;
681 2239 767 2286 mox
797 2237 890 2308 vago
923 2237 1061 2285 rumore
1089 2213 1183 2308 apud
1215 2211 1354 2308 imperi-

382 2333 496 2405 tissimi
517 2330 680 2429 cujusque
702 2351 879 2428 promptas
901 2355 1009 2420 autes,
1038 2350 1098 2402 aut
1114 2328 1246 2403 rursum
1262 2331 1356 2426 apud

382 2452 552 2541 turbidos,
571 2452 683 2547 eoque
698 2476 791 2522 nova
806 2450 994 2546 cupientes.
1043 2454 1162 2546 Atque
1178 2448 1246 2545 ipse
1262 2449 1357 2522 adire

384 2571 577 2668 municipia
603 2568 748 2643 obscuro
773 2568 857 2659 diei,
888 2592 1000 2664 neque
1029 2568 1210 2665 propalam
1238 2567 1355 2664 aspici,

385 2717 499 2788 neque
520 2689 649 2763 diutius
672 2687 791 2761 iisdem
813 2687 921 2760 locis:
952 2685 1010 2761 sed
1032 2687 1114 2785 quia
1136 2687 1259 2760 veritas
1282 2687 1355 2760 visu

384 2817 418 2884 bc
448 2813 558 2898 morl,
587 2805 669 2881 salsa
696 2806 909 2881 festinatione
939 2805 1136 2880 &incertis
1165 2804 1355 2895 valescunt,

383 2931 599 3026 relinquebat
616 2926 760 3014 famam,
777 2946 836 2998 aut
854 2926 1095 3023 praeveniebat.

434 3050 517 3121 XL.
539 3049 818 3119 Vuacnunruu
835 3045 973 3117 interim
992 3071 1052 3141 per
1068 3043 1218 3134 Italiam,
1244 3050 1272 3086 “
1289 3042 1356 3116 ser-

384 3175 413 3211 “
430 3186 552 3239 vatum
579 3190 722 3237 munere
747 3165 855 3235 deam
879 3162 1074 3260 Agrippam
1088 3165 1127 3247 ;''
1155 3164 1357 3236 credebatur

384 3289 539 3357 Romae:
564 3280 710 3378 jamque
734 3282 867 3354 Ostiam
892 3281 1069 3353 invectum
1094 3281 1281 3354 multitudo
1304 3282 1358 3354 in-

386 3427 486 3499 gens,
507 3399 583 3498 jam
600 3399 635 3470 in
652 3401 754 3472 Urbe
771 3399 969 3472 clandestini
986 3417 1097 3471 coetus
1115 3401 1357 3473 celebrabant:

385 3523 469 3593 cum
484 3518 667 3593 Tiberium
689 3543 819 3613 anceps
840 3543 922 3590 cura
944 3517 1141 3609 distrahere,
1165 3518 1245 3590 vine
1267 3518 1357 3589 mili·

384 3658 461 3712 tum
485 3638 622 3710 servum
642 3633 743 3708 suum
767 3641 954 3724 coerceret,
977 3661 1021 3706 an
1045 3636 1183 3709 inanem
1209 3637 1358 3708 creduli-

384 3774 492 3831 tatem
513 3778 669 3852 tempore
688 3753 761 3851 ipso
777 3753 958 3828 vanescere
981 3757 1123 3828 fineret:
1149 3755 1257 3827 modb
1275 3753 1359 3827 nihil

384 3875 629 3974 spernendum,
654 3873 764 3946 modb
786 3899 857 3945 non
882 3872 1001 3945 omnia
1026 3875 1224 3964 metuenda,
1248 3871 1359 3945 ambi·

387 4022 478 4094 guus
491 3993 684 4097 pudorisac
695 3993 807 4068 metils
820 3993 1012 4091 reputabat.
1037 3991 1217 4066 Postremo
1228 3993 1286 4066 dat
1299 4015 1358 4062 ne·
