<?xml version="1.0" encoding="UTF-8"?>
<!DOCTYPE html PUBLIC "-//W3C//DTD XHTML 1.0 Transitional//EN"
    "http://www.w3.org/TR/xhtml1/DTD/xhtml1-transitional.dtd">
<html xmlns="http://www.w3.org/1999/xhtml" xml:lang="en" lang="en">
 <head>
  <title>
</title>
<meta http-equiv="Content-Type" content="text/html;charset=utf-8" />
  <meta name='ocr-system' content='tesseract 3.04.00' />
  <meta name='ocr-capabilities' content='ocr_page ocr_carea ocr_par ocr_line ocrx_word'/>
</head>
<body>
  <div class='ocr_page' id='page_1' title='image "./ccorneliitaciti04freigoog_0109.png"; bbox 0 0 3259 5284; ppageno 0'>
   <div class='ocr_carea' id='block_1_1' title="bbox 537 620 1283 719">
    <p class='ocr_par' dir='ltr' id='par_1_1' title="bbox 537 620 1283 719">
     <span class='ocr_line' id='line_1_1' title="bbox 537 620 1283 719; baseline -0.001 -24"><span class='ocrx_word' id='word_1_1' title='bbox 537 624 839 696; x_wconf 78' lang='lat' dir='ltr'>Aunntrum</span> <span class='ocrx_word' id='word_1_2' title='bbox 880 621 993 695; x_wconf 85' lang='lat' dir='ltr'>Lrs.</span> <span class='ocrx_word' id='word_1_3' title='bbox 1017 620 1047 694; x_wconf 94' lang='lat'>1.</span> <span class='ocrx_word' id='word_1_4' title='bbox 1242 644 1283 719; x_wconf 80' lang='lat'>51</span> 
     </span>
    </p>
   </div>
   <div class='ocr_carea' id='block_1_2' title="bbox 317 791 1294 3972">
    <p class='ocr_par' dir='ltr' id='par_1_2' title="bbox 317 791 1291 3149">
     <span class='ocr_line' id='line_1_2' title="bbox 366 791 1287 890; baseline -0.003 -22"><span class='ocrx_word' id='word_1_5' title='bbox 366 795 451 868; x_wconf 88' lang='lat' dir='ltr'>LX.</span> <span class='ocrx_word' id='word_1_6' title='bbox 488 794 660 868; x_wconf 80' lang='lat' dir='ltr'>Concrrr</span> <span class='ocrx_word' id='word_1_7' title='bbox 687 819 748 890; x_wconf 88' lang='lat' dir='ltr'>per</span> <span class='ocrx_word' id='word_1_8' title='bbox 774 795 849 866; x_wconf 87' lang='lat' dir='ltr'>haec</span> <span class='ocrx_word' id='word_1_9' title='bbox 875 819 946 866; x_wconf 90' lang='lat' dir='ltr'>non</span> <span class='ocrx_word' id='word_1_10' title='bbox 975 791 1082 866; x_wconf 81' lang='lat' dir='ltr'>modb</span> <span class='ocrx_word' id='word_1_11' title='bbox 1109 793 1287 883; x_wconf 87' lang='lat' dir='ltr'><strong>Cherusci,</strong></span> 
     </span>
     <span class='ocr_line' id='line_1_3' title="bbox 317 910 1288 1010; baseline -0.006 -19"><span class='ocrx_word' id='word_1_12' title='bbox 317 911 376 993; x_wconf 88' lang='lat' dir='ltr'>sed</span> <span class='ocrx_word' id='word_1_13' title='bbox 412 913 633 987; x_wconf 78' lang='lat' dir='ltr'>conterminae</span> <span class='ocrx_word' id='word_1_14' title='bbox 668 932 812 1010; x_wconf 84' lang='lat' dir='ltr'>gentes:</span> <span class='ocrx_word' id='word_1_15' title='bbox 862 910 1055 1008; x_wconf 75' lang='lat' dir='ltr'>trastusque</span> <span class='ocrx_word' id='word_1_16' title='bbox 1093 911 1130 983; x_wconf 93' lang='lat' dir='ltr'>in</span> <span class='ocrx_word' id='word_1_17' title='bbox 1177 933 1288 1010; x_wconf 89' lang='lat' dir='ltr'>partes</span> 
     </span>
     <span class='ocr_line' id='line_1_4' title="bbox 318 1029 1286 1130; baseline -0.006 -22"><span class='ocrx_word' id='word_1_18' title='bbox 318 1031 561 1130; x_wconf 83' lang='lat' dir='ltr'>Inguiomerus</span> <span class='ocrx_word' id='word_1_19' title='bbox 589 1031 741 1105; x_wconf 87' lang='lat' dir='ltr'>Arminii</span> <span class='ocrx_word' id='word_1_20' title='bbox 767 1052 923 1129; x_wconf 85' lang='lat' dir='ltr'>patruus,</span> <span class='ocrx_word' id='word_1_21' title='bbox 958 1029 1064 1104; x_wconf 85' lang='lat' dir='ltr'>veteri</span> <span class='ocrx_word' id='word_1_22' title='bbox 1091 1032 1185 1126; x_wconf 87' lang='lat' dir='ltr'>apud</span> <span class='ocrx_word' id='word_1_23' title='bbox 1210 1035 1286 1104; x_wconf 88' lang='lat' dir='ltr'>Ro-</span> 
     </span>
     <span class='ocr_line' id='line_1_5' title="bbox 319 1149 1284 1249; baseline -0.006 -24"><span class='ocrx_word' id='word_1_24' title='bbox 319 1175 440 1225; x_wconf 87' lang='lat' dir='ltr'>manos</span> <span class='ocrx_word' id='word_1_25' title='bbox 474 1150 696 1224; x_wconf 73' lang='lat' dir='ltr'>austoritate:</span> <span class='ocrx_word' id='word_1_26' title='bbox 740 1152 835 1223; x_wconf 91' lang='lat' dir='ltr'>unde</span> <span class='ocrx_word' id='word_1_27' title='bbox 861 1149 970 1249; x_wconf 83' lang='lat' dir='ltr'>major</span> <span class='ocrx_word' id='word_1_28' title='bbox 998 1149 1118 1222; x_wconf 86' lang='lat' dir='ltr'>Caesari</span> <span class='ocrx_word' id='word_1_29' title='bbox 1142 1169 1284 1220; x_wconf 88' lang='lat' dir='ltr'>metus:</span> 
     </span>
     <span class='ocr_line' id='line_1_6' title="bbox 321 1268 1287 1366; baseline 0 -26"><span class='ocrx_word' id='word_1_30' title='bbox 321 1272 355 1340; x_wconf 76' lang='grc' dir='ltr'>δι</span> <span class='ocrx_word' id='word_1_31' title='bbox 377 1295 422 1341; x_wconf 91' lang='lat' dir='ltr'>ne</span> <span class='ocrx_word' id='word_1_32' title='bbox 444 1270 577 1342; x_wconf 91' lang='lat' dir='ltr'>bellum</span> <span class='ocrx_word' id='word_1_33' title='bbox 599 1271 694 1344; x_wconf 89' lang='lat' dir='ltr'>mole</span> <span class='ocrx_word' id='word_1_34' title='bbox 709 1272 780 1342; x_wconf 63' lang='lat' dir='ltr'>uni</span> <span class='ocrx_word' id='word_1_35' title='bbox 795 1270 983 1366; x_wconf 84' lang='lat' dir='ltr'>ingrueret,</span> <span class='ocrx_word' id='word_1_36' title='bbox 1007 1268 1180 1341; x_wconf 85' lang='lat' dir='ltr'>Caecinam</span> <span class='ocrx_word' id='word_1_37' title='bbox 1205 1293 1287 1340; x_wconf 90' lang='lat' dir='ltr'>cum</span> 
     </span>
     <span class='ocr_line' id='line_1_7' title="bbox 321 1385 1286 1484; baseline 0.002 -27"><span class='ocrx_word' id='word_1_38' title='bbox 321 1385 549 1484; x_wconf 88' lang='lat' dir='ltr'>quadraginta</span> <span class='ocrx_word' id='word_1_39' title='bbox 585 1388 787 1461; x_wconf 89' lang='lat' dir='ltr'>cohortibus</span> <span class='ocrx_word' id='word_1_40' title='bbox 834 1387 1019 1476; x_wconf 86' lang='lat' dir='ltr'>Romanis,</span> <span class='ocrx_word' id='word_1_41' title='bbox 1063 1387 1286 1460; x_wconf 91' lang='lat' dir='ltr'>distrahendo</span> 
     </span>
     <span class='ocr_line' id='line_1_8' title="bbox 319 1503 1285 1600; baseline -0.001 -25"><span class='ocrx_word' id='word_1_42' title='bbox 319 1503 422 1592; x_wconf 90' lang='lat' dir='ltr'>hosti,</span> <span class='ocrx_word' id='word_1_43' title='bbox 448 1531 509 1600; x_wconf 90' lang='lat' dir='ltr'>per</span> <span class='ocrx_word' id='word_1_44' title='bbox 536 1507 717 1578; x_wconf 61' lang='lat' dir='ltr'>BruCleros</span> <span class='ocrx_word' id='word_1_45' title='bbox 744 1507 789 1578; x_wconf 90' lang='lat' dir='ltr'>ad</span> <span class='ocrx_word' id='word_1_46' title='bbox 810 1510 942 1578; x_wconf 88' lang='lat' dir='ltr'>flumen</span> <span class='ocrx_word' id='word_1_47' title='bbox 967 1505 1133 1586; x_wconf 75' lang='lat' dir='ltr'>Amisiam</span> <span class='ocrx_word' id='word_1_48' title='bbox 1157 1503 1285 1580; x_wconf 81' lang='lat' dir='ltr'>mittit:</span> 
     </span>
     <span class='ocr_line' id='line_1_9' title="bbox 319 1621 1285 1719; baseline 0.002 -25"><span class='ocrx_word' id='word_1_49' title='bbox 319 1621 474 1717; x_wconf 87' lang='lat' dir='ltr'>equitem</span> <span class='ocrx_word' id='word_1_50' title='bbox 485 1624 582 1696; x_wconf 90' lang='lat' dir='ltr'>Pedo</span> <span class='ocrx_word' id='word_1_51' title='bbox 599 1621 791 1719; x_wconf 73' lang='lat' dir='ltr'>praesestus,</span> <span class='ocrx_word' id='word_1_52' title='bbox 817 1624 942 1698; x_wconf 89' lang='lat' dir='ltr'>finibus</span> <span class='ocrx_word' id='word_1_53' title='bbox 958 1627 987 1698; x_wconf 91' lang='lat' dir='ltr'>F</span> <span class='ocrx_word' id='word_1_54' title='bbox 989 1623 1144 1696; x_wconf 89' lang='lat' dir='ltr'>risrorum</span> <span class='ocrx_word' id='word_1_55' title='bbox 1165 1621 1285 1696; x_wconf 88' lang='lat' dir='ltr'>ducit:</span> 
     </span>
     <span class='ocr_line' id='line_1_10' title="bbox 321 1738 1289 1839; baseline 0.004 -27"><span class='ocrx_word' id='word_1_56' title='bbox 321 1738 390 1836; x_wconf 88' lang='lat' dir='ltr'>ipsc</span> <span class='ocrx_word' id='word_1_57' title='bbox 406 1738 579 1835; x_wconf 79' lang='lat' dir='ltr'>impositas</span> <span class='ocrx_word' id='word_1_58' title='bbox 595 1741 743 1814; x_wconf 87' lang='lat' dir='ltr'>navibus</span> <span class='ocrx_word' id='word_1_59' title='bbox 760 1763 910 1838; x_wconf 87' lang='lat' dir='ltr'>quatuor</span> <span class='ocrx_word' id='word_1_60' title='bbox 933 1741 1087 1839; x_wconf 88' lang='lat' dir='ltr'>legiones</span> <span class='ocrx_word' id='word_1_61' title='bbox 1111 1765 1172 1837; x_wconf 85' lang='lat' dir='ltr'>per</span> <span class='ocrx_word' id='word_1_62' title='bbox 1193 1742 1289 1816; x_wconf 85' lang='lat' dir='ltr'>lacus</span> 
     </span>
     <span class='ocr_line' id='line_1_11' title="bbox 322 1857 1289 1956; baseline 0.001 -26"><span class='ocrx_word' id='word_1_63' title='bbox 322 1857 440 1930; x_wconf 82' lang='lat' dir='ltr'>vexit:</span> <span class='ocrx_word' id='word_1_64' title='bbox 465 1861 636 1956; x_wconf 76' lang='lat' dir='ltr'>simulque</span> <span class='ocrx_word' id='word_1_65' title='bbox 658 1860 777 1954; x_wconf 85' lang='lat' dir='ltr'>pedes,</span> <span class='ocrx_word' id='word_1_66' title='bbox 801 1886 920 1956; x_wconf 90' lang='lat' dir='ltr'>eques,</span> <span class='ocrx_word' id='word_1_67' title='bbox 946 1862 1065 1950; x_wconf 81' lang='lat' dir='ltr'>classis,</span> <span class='ocrx_word' id='word_1_68' title='bbox 1086 1860 1178 1955; x_wconf 91' lang='lat' dir='ltr'>apud</span> <span class='ocrx_word' id='word_1_69' title='bbox 1203 1865 1289 1954; x_wconf 79' lang='lat' dir='ltr'>p&#39;rae-</span> 
     </span>
     <span class='ocr_line' id='line_1_12' title="bbox 321 1975 1290 2056; baseline 0.001 -10"><span class='ocrx_word' id='word_1_70' title='bbox 321 1975 455 2047; x_wconf 75' lang='lat' dir='ltr'>dietum</span> <span class='ocrx_word' id='word_1_71' title='bbox 477 2002 617 2050; x_wconf 90' lang='lat' dir='ltr'>amnem</span> <span class='ocrx_word' id='word_1_72' title='bbox 641 1980 844 2050; x_wconf 61' lang='lat' dir='ltr'>conventre.</span> <span class='ocrx_word' id='word_1_73' title='bbox 898 1979 1031 2052; x_wconf 84' lang='lat' dir='ltr'>Chauci</span> <span class='ocrx_word' id='word_1_74' title='bbox 1057 1980 1138 2051; x_wconf 78' lang='lat' dir='ltr'>clim</span> <span class='ocrx_word' id='word_1_75' title='bbox 1162 1976 1290 2056; x_wconf 84' lang='lat' dir='ltr'>auxilia</span> 
     </span>
     <span class='ocr_line' id='line_1_13' title="bbox 323 2094 1289 2190; baseline 0.001 -23"><span class='ocrx_word' id='word_1_76' title='bbox 323 2094 579 2190; x_wconf 84' lang='lat' dir='ltr'>pollicerentur,</span> <span class='ocrx_word' id='word_1_77' title='bbox 612 2095 650 2167; x_wconf 91' lang='lat' dir='ltr'>in</span> <span class='ocrx_word' id='word_1_78' title='bbox 671 2097 916 2170; x_wconf 90' lang='lat' dir='ltr'>commilitium</span> <span class='ocrx_word' id='word_1_79' title='bbox 935 2095 1053 2170; x_wconf 87' lang='lat' dir='ltr'>adsciti</span> <span class='ocrx_word' id='word_1_80' title='bbox 1074 2095 1160 2169; x_wconf 91' lang='lat' dir='ltr'>sunt.</span> <span class='ocrx_word' id='word_1_81' title='bbox 1184 2099 1289 2168; x_wconf 85' lang='lat' dir='ltr'>Bruc-</span> 
     </span>
     <span class='ocr_line' id='line_1_14' title="bbox 320 2212 1289 2312; baseline 0 -26"><span class='ocrx_word' id='word_1_82' title='bbox 320 2231 410 2286; x_wconf 91' lang='lat' dir='ltr'>teros</span> <span class='ocrx_word' id='word_1_83' title='bbox 435 2212 494 2287; x_wconf 87' lang='lat' dir='ltr'>sua</span> <span class='ocrx_word' id='word_1_84' title='bbox 512 2232 662 2304; x_wconf 88' lang='lat' dir='ltr'>urentes,</span> <span class='ocrx_word' id='word_1_85' title='bbox 688 2216 851 2312; x_wconf 74' lang='lat' dir='ltr'>expeditl</span> <span class='ocrx_word' id='word_1_86' title='bbox 878 2242 958 2289; x_wconf 91' lang='lat' dir='ltr'>curn</span> <span class='ocrx_word' id='word_1_87' title='bbox 990 2241 1098 2288; x_wconf 90' lang='lat' dir='ltr'>manu</span> <span class='ocrx_word' id='word_1_88' title='bbox 1128 2217 1174 2287; x_wconf 91' lang='lat' dir='ltr'>L.</span> <span class='ocrx_word' id='word_1_89' title='bbox 1197 2215 1289 2286; x_wconf 86' lang='lat' dir='ltr'>Ster-</span> 
     </span>
     <span class='ocr_line' id='line_1_15' title="bbox 321 2331 1289 2432; baseline 0.002 -28"><span class='ocrx_word' id='word_1_90' title='bbox 321 2331 438 2422; x_wconf 88' lang='lat' dir='ltr'>tinius,</span> <span class='ocrx_word' id='word_1_91' title='bbox 461 2331 563 2410; x_wconf 79' lang='lat' dir='ltr'>missu</span> <span class='ocrx_word' id='word_1_92' title='bbox 585 2333 782 2406; x_wconf 85' lang='lat' dir='ltr'>Germanici</span> <span class='ocrx_word' id='word_1_93' title='bbox 804 2331 909 2423; x_wconf 83' lang='lat' dir='ltr'>fudit,</span> <span class='ocrx_word' id='word_1_94' title='bbox 934 2335 1092 2432; x_wconf 90' lang='lat' dir='ltr'>interque</span> <span class='ocrx_word' id='word_1_95' title='bbox 1104 2335 1237 2406; x_wconf 87' lang='lat' dir='ltr'>caedem</span> <span class='ocrx_word' id='word_1_96' title='bbox 1256 2339 1289 2406; x_wconf 66' lang='grc' dir='ltr'>ὃς</span> 
     </span>
     <span class='ocr_line' id='line_1_16' title="bbox 322 2450 1290 2550; baseline 0.002 -28"><span class='ocrx_word' id='word_1_97' title='bbox 322 2451 477 2546; x_wconf 77' lang='lat' dir='ltr'>praedam</span> <span class='ocrx_word' id='word_1_98' title='bbox 513 2450 638 2547; x_wconf 87' lang='lat' dir='ltr'>reperit</span> <span class='ocrx_word' id='word_1_99' title='bbox 664 2450 926 2526; x_wconf 83' lang='lat' dir='ltr'>undevicesrnrae</span> <span class='ocrx_word' id='word_1_100' title='bbox 959 2451 1104 2550; x_wconf 82' lang='lat' dir='ltr'>legionis</span> <span class='ocrx_word' id='word_1_101' title='bbox 1137 2453 1290 2550; x_wconf 84' lang='lat' dir='ltr'>aquilam</span> 
     </span>
     <span class='ocr_line' id='line_1_17' title="bbox 323 2569 1291 2665; baseline -0.001 -23"><span class='ocrx_word' id='word_1_102' title='bbox 323 2594 405 2642; x_wconf 88' lang='lat' dir='ltr'>cum</span> <span class='ocrx_word' id='word_1_103' title='bbox 446 2571 539 2642; x_wconf 90' lang='lat' dir='ltr'>Varo</span> <span class='ocrx_word' id='word_1_104' title='bbox 571 2569 736 2642; x_wconf 83' lang='lat' dir='ltr'>amissam.</span> <span class='ocrx_word' id='word_1_105' title='bbox 806 2571 964 2643; x_wconf 72' lang='lat' dir='ltr'>Dostum</span> <span class='ocrx_word' id='word_1_106' title='bbox 987 2570 1068 2642; x_wconf 92' lang='lat' dir='ltr'>inde</span> <span class='ocrx_word' id='word_1_107' title='bbox 1093 2596 1221 2665; x_wconf 81' lang='lat' dir='ltr'>agmen</span> <span class='ocrx_word' id='word_1_108' title='bbox 1244 2571 1291 2642; x_wconf 93' lang='lat' dir='ltr'>ad</span> 
     </span>
     <span class='ocr_line' id='line_1_18' title="bbox 323 2687 1288 2784; baseline -0.001 -26"><span class='ocrx_word' id='word_1_109' title='bbox 323 2688 463 2763; x_wconf 90' lang='lat' dir='ltr'>ultimos</span> <span class='ocrx_word' id='word_1_110' title='bbox 489 2689 760 2760; x_wconf 74' lang='lat' dir='ltr'>Bruslerorum:</span> <span class='ocrx_word' id='word_1_111' title='bbox 792 2707 1032 2784; x_wconf 91' lang='lat' dir='ltr'>quantumque</span> <span class='ocrx_word' id='word_1_112' title='bbox 1062 2687 1230 2768; x_wconf 76' lang='lat' dir='ltr'>Amisiam</span> <span class='ocrx_word' id='word_1_113' title='bbox 1255 2691 1288 2758; x_wconf 77' lang='grc' dir='ltr'>δι</span> 
     </span>
     <span class='ocr_line' id='line_1_19' title="bbox 325 2805 1290 2902; baseline -0.003 -25"><span class='ocrx_word' id='word_1_114' title='bbox 325 2805 505 2902; x_wconf 87' lang='lat' dir='ltr'>Luppiam</span> <span class='ocrx_word' id='word_1_115' title='bbox 529 2830 648 2878; x_wconf 88' lang='lat' dir='ltr'>amnes</span> <span class='ocrx_word' id='word_1_116' title='bbox 676 2805 779 2895; x_wconf 89' lang='lat' dir='ltr'>inter,</span> <span class='ocrx_word' id='word_1_117' title='bbox 811 2805 1006 2890; x_wconf 82' lang='lat' dir='ltr'>vastatum3</span> <span class='ocrx_word' id='word_1_118' title='bbox 1040 2805 1134 2876; x_wconf 89' lang='lat' dir='ltr'>haud</span> <span class='ocrx_word' id='word_1_119' title='bbox 1169 2806 1290 2899; x_wconf 86' lang='lat' dir='ltr'>procul</span> 
     </span>
     <span class='ocr_line' id='line_1_20' title="bbox 324 2919 1290 3021; baseline -0.007 -24"><span class='ocrx_word' id='word_1_120' title='bbox 324 2924 612 3021; x_wconf 88' lang='lat' dir='ltr'>Teutoburgiensr</span> <span class='ocrx_word' id='word_1_121' title='bbox 641 2922 740 3013; x_wconf 89' lang='lat' dir='ltr'>saltu,</span> <span class='ocrx_word' id='word_1_122' title='bbox 777 2923 814 2995; x_wconf 90' lang='lat' dir='ltr'>in</span> <span class='ocrx_word' id='word_1_123' title='bbox 848 2949 919 3020; x_wconf 91' lang='lat' dir='ltr'>quo</span> <span class='ocrx_word' id='word_1_124' title='bbox 950 2922 1104 3018; x_wconf 82' lang='lat' dir='ltr'>reliquiae</span> <span class='ocrx_word' id='word_1_125' title='bbox 1133 2919 1213 2992; x_wconf 88' lang='lat' dir='ltr'>Vari</span> <span class='ocrx_word' id='word_1_126' title='bbox 1242 2923 1290 2991; x_wconf 91' lang='lat' dir='ltr'>le-</span> 
     </span>
     <span class='ocr_line' id='line_1_21' title="bbox 329 3041 978 3149; baseline 0.002 -32"><span class='ocrx_word' id='word_1_127' title='bbox 329 3046 542 3149; x_wconf 86' lang='lat' dir='ltr'>gionumque</span> <span class='ocrx_word' id='word_1_128' title='bbox 569 3041 742 3140; x_wconf 80' lang='lat' dir='ltr'>insepultae</span> <span class='ocrx_word' id='word_1_129' title='bbox 760 3043 978 3118; x_wconf 84' lang='lat' dir='ltr'>dicebantur.</span> 
     </span>
    </p>

    <p class='ocr_par' dir='ltr' id='par_1_3' title="bbox 323 3157 1294 3972">
     <span class='ocr_line' id='line_1_22' title="bbox 372 3157 1289 3260; baseline -0.004 -26"><span class='ocrx_word' id='word_1_130' title='bbox 372 3165 471 3236; x_wconf 89' lang='lat' dir='ltr'><strong>LXI.</strong></span> <span class='ocrx_word' id='word_1_131' title='bbox 496 3165 637 3236; x_wconf 79' lang='lat' dir='ltr'>lortun</span> <span class='ocrx_word' id='word_1_132' title='bbox 654 3162 784 3260; x_wconf 90' lang='lat' dir='ltr'>cupido</span> <span class='ocrx_word' id='word_1_133' title='bbox 801 3161 967 3242; x_wconf 84' lang='lat' dir='ltr'>Caesarem</span> <span class='ocrx_word' id='word_1_134' title='bbox 984 3159 1119 3234; x_wconf 88' lang='lat' dir='ltr'>invadit</span> <span class='ocrx_word' id='word_1_135' title='bbox 1134 3157 1289 3231; x_wconf 90' lang='lat' dir='ltr'>solvendi</span> 
     </span>
     <span class='ocr_line' id='line_1_23' title="bbox 323 3276 1287 3378; baseline -0.005 -24"><span class='ocrx_word' id='word_1_136' title='bbox 323 3282 480 3378; x_wconf 89' lang='lat' dir='ltr'>suprema</span> <span class='ocrx_word' id='word_1_137' title='bbox 508 3283 689 3372; x_wconf 84' lang='lat' dir='ltr'>militibus,</span> <span class='ocrx_word' id='word_1_138' title='bbox 711 3282 885 3378; x_wconf 87' lang='lat' dir='ltr'>ducique;</span> <span class='ocrx_word' id='word_1_139' title='bbox 922 3300 1081 3376; x_wconf 88' lang='lat' dir='ltr'>permoto</span> <span class='ocrx_word' id='word_1_140' title='bbox 1110 3281 1154 3352; x_wconf 87' lang='lat' dir='ltr'>ad</span> <span class='ocrx_word' id='word_1_141' title='bbox 1189 3276 1257 3350; x_wconf 90' lang='lat' dir='ltr'>mis</span> <span class='ocrx_word' id='word_1_142' title='bbox 1273 3325 1287 3336; x_wconf 95' lang='lat'>-</span> 
     </span>
     <span class='ocr_line' id='line_1_24' title="bbox 324 3399 1292 3498; baseline -0.004 -25"><span class='ocrx_word' id='word_1_143' title='bbox 324 3401 494 3474; x_wconf 86' lang='lat' dir='ltr'>rationem</span> <span class='ocrx_word' id='word_1_144' title='bbox 526 3401 638 3492; x_wconf 89' lang='lat' dir='ltr'>omni,</span> <span class='ocrx_word' id='word_1_145' title='bbox 668 3399 729 3498; x_wconf 92' lang='lat' dir='ltr'>qui</span> <span class='ocrx_word' id='word_1_146' title='bbox 757 3402 886 3489; x_wconf 87' lang='lat' dir='ltr'>aderat,</span> <span class='ocrx_word' id='word_1_147' title='bbox 924 3401 1092 3488; x_wconf 86' lang='lat' dir='ltr'>exercitu,</span> <span class='ocrx_word' id='word_1_148' title='bbox 1132 3403 1180 3474; x_wconf 92' lang='lat' dir='ltr'>ob</span> <span class='ocrx_word' id='word_1_149' title='bbox 1213 3423 1292 3494; x_wconf 90' lang='lat' dir='ltr'>pro-</span> 
     </span>
     <span class='ocr_line' id='line_1_25' title="bbox 326 3516 1292 3616; baseline 0 -26"><span class='ocrx_word' id='word_1_150' title='bbox 326 3519 490 3616; x_wconf 80' lang='lat' dir='ltr'>pinquos,</span> <span class='ocrx_word' id='word_1_151' title='bbox 515 3518 659 3608; x_wconf 85' lang='lat' dir='ltr'>amicos,</span> <span class='ocrx_word' id='word_1_152' title='bbox 688 3519 841 3615; x_wconf 89' lang='lat' dir='ltr'>denique</span> <span class='ocrx_word' id='word_1_153' title='bbox 866 3521 913 3590; x_wconf 95' lang='lat' dir='ltr'>ob</span> <span class='ocrx_word' id='word_1_154' title='bbox 942 3516 1037 3590; x_wconf 89' lang='lat' dir='ltr'>casus</span> <span class='ocrx_word' id='word_1_155' title='bbox 1061 3519 1232 3590; x_wconf 88' lang='lat' dir='ltr'>bellorum</span> <span class='ocrx_word' id='word_1_156' title='bbox 1258 3523 1292 3598; x_wconf 70' lang='grc' dir='ltr'>ὃς</span> 
     </span>
     <span class='ocr_line' id='line_1_26' title="bbox 323 3635 1293 3726; baseline -0.001 -17"><span class='ocrx_word' id='word_1_157' title='bbox 323 3636 450 3710; x_wconf 89' lang='lat' dir='ltr'>sortem</span> <span class='ocrx_word' id='word_1_158' title='bbox 475 3636 671 3708; x_wconf 87' lang='lat' dir='ltr'>hominum.</span> <span class='ocrx_word' id='word_1_159' title='bbox 720 3635 897 3708; x_wconf 85' lang='lat' dir='ltr'>Praemisso</span> <span class='ocrx_word' id='word_1_160' title='bbox 924 3635 1077 3726; x_wconf 69' lang='lat' dir='ltr'>Caecinl,</span> <span class='ocrx_word' id='word_1_161' title='bbox 1099 3657 1136 3708; x_wconf 92' lang='lat' dir='ltr'>ut</span> <span class='ocrx_word' id='word_1_162' title='bbox 1156 3638 1293 3709; x_wconf 86' lang='lat' dir='ltr'>occulta</span> 
     </span>
     <span class='ocr_line' id='line_1_27' title="bbox 324 3754 1294 3852; baseline -0.004 -22"><span class='ocrx_word' id='word_1_163' title='bbox 324 3754 471 3830; x_wconf 89' lang='lat' dir='ltr'>saltuum</span> <span class='ocrx_word' id='word_1_164' title='bbox 487 3754 699 3845; x_wconf 87' lang='lat' dir='ltr'>scrutaretur,</span> <span class='ocrx_word' id='word_1_165' title='bbox 719 3754 908 3852; x_wconf 88' lang='lat' dir='ltr'>pontesque</span> <span class='ocrx_word' id='word_1_166' title='bbox 933 3758 966 3827; x_wconf 90' lang='lat'>&amp;</span> <span class='ocrx_word' id='word_1_167' title='bbox 990 3778 1131 3852; x_wconf 80' lang='lat' dir='ltr'>aggeres</span> <span class='ocrx_word' id='word_1_168' title='bbox 1149 3754 1294 3826; x_wconf 91' lang='lat' dir='ltr'>humido</span> 
     </span>
     <span class='ocr_line' id='line_1_28' title="bbox 326 3871 1294 3972; baseline -0.004 -24"><span class='ocrx_word' id='word_1_169' title='bbox 326 3876 493 3972; x_wconf 89' lang='lat' dir='ltr'>paludum</span> <span class='ocrx_word' id='word_1_170' title='bbox 522 3879 556 3948; x_wconf 76' lang='grc' dir='ltr'>δι</span> <span class='ocrx_word' id='word_1_171' title='bbox 589 3873 768 3946; x_wconf 86' lang='lat' dir='ltr'>fallacibus</span> <span class='ocrx_word' id='word_1_172' title='bbox 798 3871 929 3968; x_wconf 88' lang='lat' dir='ltr'>campis</span> <span class='ocrx_word' id='word_1_173' title='bbox 959 3872 1163 3968; x_wconf 90' lang='lat' dir='ltr'>imponeret,</span> <span class='ocrx_word' id='word_1_174' title='bbox 1200 3873 1294 3944; x_wconf 88' lang='lat' dir='ltr'>ince-</span> 
     </span>
    </p>
   </div>
   <div class='ocr_carea' id='block_1_3' title="bbox 326 3988 1295 4184">
    <p class='ocr_par' dir='ltr' id='par_1_4' title="bbox 326 3988 1295 4184">
     <span class='ocr_line' id='line_1_29' title="bbox 326 3988 1295 4087; baseline -0.005 -21"><span class='ocrx_word' id='word_1_175' title='bbox 326 3994 414 4080; x_wconf 82' lang='lat' dir='ltr'>dunt</span> <span class='ocrx_word' id='word_1_176' title='bbox 430 3993 565 4076; x_wconf 84' lang='lat' dir='ltr'>maestos</span> <span class='ocrx_word' id='word_1_177' title='bbox 582 3995 691 4086; x_wconf 89' lang='lat' dir='ltr'>locos,</span> <span class='ocrx_word' id='word_1_178' title='bbox 709 3991 852 4087; x_wconf 89' lang='lat' dir='ltr'>visuque</span> <span class='ocrx_word' id='word_1_179' title='bbox 869 4017 909 4066; x_wconf 90' lang='lat' dir='ltr'>ac</span> <span class='ocrx_word' id='word_1_180' title='bbox 927 3991 1091 4066; x_wconf 80' lang='lat' dir='ltr'>memorial</span> <span class='ocrx_word' id='word_1_181' title='bbox 1112 3988 1295 4074; x_wconf 84' lang='lat' dir='ltr'>deformes,</span> 
     </span>
     <span class='ocr_line' id='line_1_30' title="bbox 786 4113 860 4184; baseline 0 0"><span class='ocrx_word' id='word_1_182' title='bbox 786 4113 819 4184; x_wconf 85' lang='lat' dir='ltr'>E</span> <span class='ocrx_word' id='word_1_183' title='bbox 840 4135 860 4184; x_wconf 86' lang='lat'>2</span> 
     </span>
    </p>
   </div>
   <div class='ocr_carea' id='block_1_4' title="bbox 0 0 1645 5284">
    <p class='ocr_par' dir='ltr' id='par_1_5' title="bbox 0 0 1645 5284">
     <span class='ocr_line' id='line_1_31' title="bbox 0 0 1645 5284; baseline 0 0"><span class='ocrx_word' id='word_1_184' title='bbox 0 0 1645 5284; x_wconf 95' lang='lat' dir='ltr'> </span> 
     </span>
    </p>
   </div>
  </div>
 </body>
</html>
