3259 5284
444 617 749 686 Annnrrunr
783 611 894 682 Lrn.
928 606 973 678 II.
1179 629 1242 700 131

274 791 305 831 “
324 785 432 883 qubm
465 784 549 882 quia
580 785 751 880 populum
793 785 1000 856 Romanum
1037 802 1139 874 aequo
1169 775 1248 873 jure

274 909 302 946 ‘⁴
321 904 522 1000 complecti,
550 902 683 976 reddita
698 902 871 990 libertate,
889 896 1131 997 agitaverint.”
1168 899 1248 969 Hos

273 1022 373 1119 vulgi
405 1021 577 1094 sermones
608 1021 724 1094 audita
747 1045 842 1092 mors
882 1017 969 1092 adeo
1002 1014 1169 1104 incendit,
1209 1034 1249 1086 ut

273 1163 354 1212 anre
378 1141 530 1213 edidum
554 1139 833 1236 magistratuum,
869 1157 947 1210 ante
982 1131 1248 1208 senatusconsul-

269 1278 362 1350 tum,
392 1260 531 1356 sumpto
543 1257 691 1356 justitio,
722 1255 953 1330 desererentur
980 1253 1067 1342 sora,
1106 1255 1246 1326 claude-

271 1399 388 1450 rentur
414 1379 568 1462 domus;
599 1379 718 1473 paffim
747 1375 877 1448 fiIentia
905 1380 938 1446 &
969 1372 1132 1470 gemitus,
1159 1371 1247 1444 nihil

270 1501 502 1594 compostum
519 1495 556 1568 in
571 1495 856 1568 ostentationem:
895 1497 927 1565 δι
946 1517 1162 1589 quamquam
1185 1517 1245 1564 ne-

271 1641 340 1713 que
367 1615 557 1713 insignibus
573 1613 769 1712 lugentium
787 1612 1009 1699 abstinerent,
1044 1610 1146 1683 altibs
1172 1611 1246 1682 ani·

270 1733 337 1805 mis
365 1735 564 1806 maerebant.
614 1732 717 1806 Forte
743 1731 986 1829 negotiatores,
1017 1728 1157 1802 vivente
1184 1731 1246 1800 ad-

270 1854 341 1924 huc
359 1851 585 1940 Germanico,
613 1851 707 1945 Syrisr
734 1852 868 1948 egressi,
899 1849 1027 1922 Ireriora
1052 1849 1096 1920 de
1113 1849 1245 1920 valetu-

272 1971 354 2042 dine
371 1969 442 2068 ejus
459 1971 626 2042 attulere:
658 1968 772 2040 statim
789 1969 931 2057 credita,
958 1967 1071 2040 statim
1103 1969 1247 2063 vulgata

269 2087 371 2160 sunt:
395 2109 435 2161 ut
453 2086 598 2185 quisque
614 2087 754 2177 obvius,
783 2087 944 2184 quamvis
968 2086 1087 2160 Ievirer
1113 2086 1244 2174 audita,

267 2205 305 2278 in
321 2204 420 2295 alios,
438 2227 543 2303 atque
559 2206 610 2280 illi
625 2206 661 2279 in
678 2207 793 2302 plures
806 2207 982 2280 cumulata
996 2205 1126 2302 gaudio
1136 2226 1244 2278 trans·

268 2324 405 2400 serunt:
432 2323 568 2399 cursant
600 2350 662 2422 per
689 2328 843 2415 Urbem,
874 2325 1065 2398 moliuntur
1089 2326 1241 2421 templo·

268 2471 348 2533 rum
374 2442 486 2522 fores:
515 2442 608 2542 juvit
641 2445 882 2518 credulitatem
911 2471 996 2534 nox,
1030 2448 1063 2516 &
1097 2469 1243 2540 promp-

270 2565 338 2636 tior
353 2562 442 2636 inter
458 2565 616 2636 tenebras
634 2564 840 2637 adfirmatio.
889 2567 968 2637 Nec
997 2562 1128 2637 obstitit
1156 2562 1244 2638 salsrs

268 2681 450 2770 Tiberius,
484 2680 598 2754 donoc
624 2701 780 2776 tempore
811 2707 851 2754 ac
878 2681 986 2777 spatio
1013 2680 1242 2755 vanescerent.

269 2803 315 2872 Et
333 2801 495 2896 populus,
522 2802 615 2895 quasi
629 2797 762 2870 rursum
774 2819 946 2895 ereptum,
967 2799 1076 2872 acribs
1093 2799 1218 2873 doluit.

315 2918 524 2990 LXXXIII.
552 2918 761 3006 Honores,
787 2937 827 2989 ut
860 2917 937 3013 quis
965 2941 1082 2990 amore
1098 2917 1134 2988 in
1152 2921 1241 2992 Ger-

268 3036 459 3124 manicum,
490 3054 549 3106 aut
577 3033 719 3131 ingenio
751 3034 902 3123 validus,
926 3035 1065 3130 reperti,
1095 3037 1241 3110 decreti-

267 3180 350 3252 que,
377 3161 405 3196 “
422 3173 460 3227 ut
476 3179 605 3226 nomen
622 3150 694 3249 ejus
711 3152 831 3225 Saliari
858 3153 1010 3225 carmine
1033 3176 1239 3230 caneretur:

267 3271 407 3346 “sedes
441 3273 576 3344 curules
603 3270 818 3344 sacerdotum
857 3271 1103 3369 Augustalium
1139 3274 1239 3365 Iocis,

264 3390 480 3489 “superque
519 3415 576 3463 eas
619 3415 776 3486 querceae
815 3415 950 3462 coronae
987 3390 1236 3468 statuerentur:

265 3520 293 3554 “
313 3513 413 3584 ludos
438 3507 613 3586 Circenses
641 3512 771 3582 eburna
799 3508 929 3606 effigies
958 3510 1117 3606 praeiret:
1149 3538 1240 3586 nere

264 3628 389 3726 “quis
417 3632 544 3702 flamen
576 3649 634 3701 aut
667 3653 779 3726 augur
812 3627 848 3699 in
877 3629 994 3710 Iocum
1023 3631 1236 3722 Germanici,

265 3756 292 3792 “
311 3747 372 3819 nisi
405 3747 515 3845 gentis
544 3748 661 3842 Jusiae,
693 3748 903 3820 crearetur.”
969 3752 1084 3822 Arcus
1129 3752 1237 3824 additi

264 3871 407 3954 Romae,
438 3870 471 3937 dr
496 3870 590 3962 apud
616 3867 723 3963 ripam
742 3866 874 3955 Rheni,
900 3867 986 3940 &in
1001 3887 1120 3940 monte
1131 3869 1236 3963 Syriae

266 3992 423 4076 Arnum,
467 4010 549 4058 cum
574 3983 797 4082 inscriptione
820 4009 935 4061 rerum
967 3985 1153 4082 gestarum,
1195 4015 1235 4066 ac

717 4105 795 4179 Ka
