3259 5284
514 583 823 654 Auunnrunt
857 581 1042 654 Lrnll.
1215 603 1258 680 75

285 755 421 854 perium
453 753 533 846 fuit,
560 780 676 853 neque
706 755 824 829 liberis
852 754 938 852 ejus,
965 779 1180 853 quamquam
1208 753 1261 827 so-

283 876 380 948 ciatis
396 899 492 948 more
508 894 654 948 externo
682 874 718 947 in
750 874 1013 948 matrimonium
1030 899 1260 972 regnumque.

284 994 376 1068 Dein
395 990 490 1090 juffu
519 995 671 1092 Augusti
687 994 868 1091 impofitus
885 992 1105 1085 Artavasdes,
1133 998 1261 1069 &non
1372 993 1378 1006 “

285 1117 354 1188 line
369 1116 468 1187 clade
483 1113 597 1187 nostra
612 1111 776 1210 dejeelus.

289 1315 294 1323 ‚
330 1233 516 1306 1V.Tuu
544 1233 587 1305 C.
619 1233 763 1306 CAEsnn
796 1233 1054 1330 componenda
1084 1232 1260 1308 Armeniae

283 1351 459 1450 deligitur.
509 1353 543 1425 ls
560 1351 839 1442 Ariobarzanen,
867 1351 1000 1450 origine
1016 1352 1183 1443 Medum,
1211 1357 1260 1428 ob

282 1471 452 1569 instgnem
483 1471 637 1568 corporis
663 1469 829 1561 formam,
871 1477 904 1544 δι
942 1471 1148 1567 praclarum
1185 1471 1260 1546 ani-

281 1616 394 1679 mum,
417 1590 617 1664 volentibus
635 1590 811 1664 Armeniis
829 1589 989 1687 praefecit.
1021 1590 1261 1664 Ariobarzane

282 1729 397 1782 morte
411 1707 550 1783 fortuita
566 1709 762 1808 absumpto,
793 1711 934 1807 stirpem
952 1707 1023 1807 ejus
1051 1710 1147 1782 haud
1169 1710 1257 1782 tole·

282 1831 427 1902 favere:
474 1847 675 1926 tentatoque
711 1829 850 1902 feminae
888 1828 1047 1926 imperi0‚
1093 1828 1152 1902 cui
1195 1855 1259 1903 no·

280 1973 363 2022 men
380 1951 500 2039 Erato,
527 1951 636 2046 eaque
668 1947 766 2021 brevl
797 1949 907 2045 pulsi,
927 1947 1047 2020 incerti
1072 1946 1257 2047 solutique,

282 2073 317 2142 δι
334 2066 447 2166 magis
463 2072 532 2140 srne
554 2067 715 2159 domino,
740 2067 850 2166 quam
877 2067 913 2139 in
937 2066 1106 2157 libertate,
1137 2067 1258 2165 profu-

282 2213 368 2285 gum
389 2191 564 2260 Vononen
602 2186 640 2259 in
681 2212 831 2285 regnum
859 2185 1045 2282 accipiunt.
1095 2187 1163 2260 Sed
1195 2187 1259 2267 ubi

280 2305 432 2380 minitari
453 2310 664 2396 Artabanus,
687 2309 722 2379 a
748 2329 871 2402 pamm
892 2302 1030 2379 subfidii
1053 2303 1091 2378 in
1128 2311 1258 2383 Arme·

280 2425 360 2516 niis,
388 2427 445 2499 vel
473 2429 497 2498 fi
531 2425 642 2498 nostrd
665 2424 716 2497 ”vi
743 2421 999 2516 defenderetur,
1036 2427 1170 2514 bellum
1194 2427 1256 2500 ad·

279 2545 399 2618 verslts
414 2546 559 2618 Parthos
576 2542 785 2619 sumendum
801 2562 894 2630 erat;
920 2546 1033 2618 fedior
1051 2545 1155 2642 Syriae
1171 2547 1257 2619 Cre·

279 2661 368 2737 ticus
399 2663 534 2737 Silanus
561 2662 717 2736 excitum
747 2661 903 2736 custodial
940 2663 1143 2752 circumdat,
1181 2689 1256 2735 ma·

279 2803 382 2856 nente
403 2786 491 2856 luxu
513 2787 547 2855 δι
571 2783 670 2881 tegio
697 2782 863 2856 nomine:
895 2781 992 2878 quod
1009 2781 1200 2855 ludibrium
1216 2803 1257 2856 ut

278 2903 430 3001 effugere
446 2901 629 2999 agitaverit
646 2903 825 2991 Vonones,
850 2899 887 2975 in
904 2901 985 2973 loco
1003 2901 1202 2973 reddemus.

201 3107 205 3112 .
325 3023 371 3093 V.
395 3023 593 3095 Caranum
619 3019 766 3094 Tiberio
792 3021 886 3094 haud
918 3019 1096 3116 ingratum
1129 3018 1256 3094 accidit

277 3138 407 3214 turbari
423 3165 477 3212 res
487 3137 652 3229 Orientis,
670 3159 709 3212 ut
733 3142 773 3212 eal
787 3137 898 3236 specie
912 3138 1160 3212 Germanicum
1182 3134 1255 3210 sue·

277 3258 320 3331 tis
352 3258 549 3356 legionibus
591 3257 818 3345 abstraheret3
866 3255 1036 3356 novisque
1066 3256 1254 3356 provinciis

276 3376 491 3474 impofitum,
515 3379 601 3449 dolo
619 3380 718 3452 fimul
753 3382 787 3450 δε
804 3380 937 3452 casibus
953 3376 1152 3475 objeelaret.
1202 3381 1254 3452 At

276 3494 350 3584 ille,
384 3495 517 3592 quanto
544 3496 677 3568 acriora
708 3497 745 3569 in
772 3522 856 3570 eum
883 3498 995 3571 studia
1022 3497 1188 3588 militum,
1219 3501 1253 3570 δι

275 3613 393 3687 aversa
410 3613 521 3711 patrui
538 3617 714 3705 voluntas,
749 3618 940 3691 celeranda
968 3615 1119 3690 vietoriae
1140 3615 1253 3690 inten-

276 3731 359 3823 tior,
384 3735 529 3806 traelare
545 3733 749 3830 proeliorum
767 3735 854 3826 vias,
880 3741 913 3808 δι
930 3761 1008 3833 quae
1031 3733 1092 3808 fibi
1108 3735 1251 3807 tertium

265 3849 343 3960 jam
353 3877 486 3934 annum
507 3853 724 3954 belligeranti
746 3852 836 3932 saeva
856 3857 912 3928 vel
937 3854 1095 3955 prospera
1118 3853 1248 3934 evenis-
