3259 5284
317 1001 1273 1102 BREVIARIUM

533 1345 713 1421 LIBRI
750 1342 1049 1417 SECUNDI.
1095 1442 1101 1455 Ι

309 1627 472 1787 1.Μο
482 1707 590 1794 TUS
616 1710 731 1820 aliqui
750 1715 788 1794 in
802 1717 965 1797 Oriente.
1001 1715 1078 1792 III.
1111 1717 1278 1806 Vonones,

310 1845 534 1924 Parthorum
573 1877 652 1941 rex,
664 1851 754 1956 solio
777 1851 824 1928 ab
856 1849 1049 1929 Artabano
1068 1848 1206 1956 puffles,
1237 1848 1280 1925 &

308 1973 361 2051 ad
382 1977 570 2055 Armenios
594 1982 789 2085 profugus,
817 1980 864 2059 ab
891 1981 946 2058 his
974 1980 1011 2058 in
1038 2007 1187 2084 regnum
1214 2007 1280 2056 ac-

308 2105 471 2212 cipitur:
501 2137 567 2216 qua
578 2137 657 2188 mox
673 2109 878 2188 demovetur
895 2109 935 2188 ob
952 2127 1081 2188 metum
1097 2109 1139 2186 ἐξ
1154 2112 1279 2186 Arta-

309 2235 397 2314 bani
410 2237 537 2317 minas.
595 2243 646 2319 V.
678 2235 982 2346 Tiberius,specie
999 2239 1087 2318 moti
1104 2236 1279 2333 Orientis,

311 2367 562 2447 Germanicum
588 2399 612 2448 a
642 2369 865 2449 Germanicis
882 2370 1072 2476 legionibus
1089 2369 1280 2476 abstrahit.

308 2498 426 2580 Paret
452 2499 523 2593 ille,
542 2499 616 2607 ſsd
637 2500 741 2581 lenti.
800 2501 1029 2582 Germaniam
1047 2503 1137 2582 enim
1155 2500 1281 2608 ingre·

309 2625 423 2709 ditur.
495 2633 686 2737 Cheruscos
714 2633 757 2712 &
783 2633 993 2712 Arminium
1012 2661 1138 2738 magno
1153 2631 1282 2738 proelio

308 2759 440 2838 vincit.
497 2764 591 2840 Mox
604 2762 757 2870 adversto
769 2763 881 2841 maris
892 2779 1071 2870 expertus,
1090 2792 1169 2870 qua
1174 2765 1281 2868 pros-

302 2893 397 2995 perh
418 2890 456 2968 in
481 2894 624 2999 Marsos
642 2893 854 3000 expeditione
866 2893 1049 3001 perfiovit.
1108 2893 1265 2970 XXVII
1269 2951 1280 2972 .

309 3019 403 3099 Libo
416 3022 562 3130 Drofies
579 3053 701 3102 rerum
719 3053 895 3102 novarum
908 3027 1107 3130 accustuus.
1166 3025 1280 3130 Spre-

308 3168 359 3228 ta
395 3155 458 3230 M.
495 3154 651 3232 Hortali
670 3171 810 3260 preces.
883 3157 1076 3235 XXXIX.
1108 3155 1279 3246 Clemens,

310 3283 470 3360 ementito
485 3283 644 3389 Postumi
658 3284 841 3391 Agrippa
854 3285 1000 3379 nomine,
1021 3285 1162 3366 turbat.
1194 3285 1280 3364 Sal-

308 3413 406 3518 tostii
421 3413 543 3521 Crispi
551 3413 694 3493 artibus
711 3416 871 3522 capitur,
892 3417 934 3495 &
949 3419 1096 3495 Romam
1107 3415 1282 3523 perduci-

309 3561 387 3624 tur.
444 3548 556 3626 XLI.
589 3548 823 3626 Germaniam
854 3546 895 3628 de
924 3547 1058 3639 Cattis,
1080 3547 1280 3656 Cheroostis,

308 3675 452 3782 aleisque
484 3677 684 3757 nationibus
712 3684 816 3786 usque
847 3678 900 3757 ad
920 3677 1044 3758 Albim
1062 3677 1281 3788 triumphat.

309 3807 442 3885 XLII.
482 3809 702 3902 Archelaus,
738 3809 988 3916 Cappadocum
1023 3841 1103 3904 rex,
1137 3810 1209 3890 dolo
1244 3812 1283 3890 in

310 3935 440 4015 Urbem
470 3939 620 4033 accitus,
654 3941 697 4019 Θ
735 3929 878 4046 indigni
913 3943 1071 4038 habitus,
1109 3942 1278 4022 moritur.

308 4069 473 4174 Regnum
485 4067 559 4173 ejus
572 4069 609 4148 in
622 4071 850 4177 provinciam
866 4073 1062 4153 redallum.
1120 4074 1278 4153 XLIII.
1395 4163 1403 4180 ι
