3259 5284
346 581 444 628 2112
488 592 497 603 ·
591 553 1179 628 C.Connna=11Tnc1r1

373 729 418 799 trl
447 727 579 826 origine
602 733 814 822 veneranda,
833 730 954 828 relegit
980 734 1112 819 Asiam,
1134 727 1350 826 adpellitque

371 847 596 944 Colophona,
621 870 659 921 ut
682 849 790 922 Clarii
815 849 992 946 Apollinis
1026 851 1165 922 oraculo
1187 867 1348 920 uteretur.

371 967 459 1037 Non
474 964 603 1039 semina
619 967 704 1059 illic,
730 988 769 1041 ut
796 969 892 1064 apud
919 969 1090 1064 Delphos,
1120 965 1179 1040 sed
1206 965 1305 1037 certis
1329 990 1349 1037 e

374 1083 515 1161 familiis
544 1090 577 1159 δε
605 1083 715 1160 ferme
731 1088 860 1160 Mileto
885 1087 1016 1160 accitus
1026 1085 1195 1175 sacerdos,
1226 1109 1349 1158 nume-

376 1229 456 1276 rum
482 1203 591 1276 modo
616 1205 885 1279 consultantium
911 1211 944 1278 δι
969 1205 1113 1280 nomina
1124 1203 1245 1278 audit:
1271 1223 1350 1276 tum

375 1323 411 1396 in
429 1323 570 1420 specum
600 1327 790 1422 degressus,
820 1325 941 1398 haustA
964 1323 1069 1398 sontis
1101 1323 1216 1397 arcani
1245 1326 1349 1420 aqud,

375 1442 515 1541 ignarus
547 1445 751 1542 plenamque
778 1445 953 1518 literarum
980 1449 1014 1518 ὅτ
1038 1444 1245 1534 carminum,
1279 1443 1351 1515 edit

375 1560 532 1659 responsa
553 1566 720 1653 verslbUS,
757 1563 954 1660 compositis
982 1562 1082 1660 super
1126 1565 1228 1636 rebus
1266 1586 1351 1658 quas

377 1683 456 1780 quis
487 1702 604 1756 mente
634 1682 826 1780 concepit:
859 1688 892 1755 ὅτ
921 1680 1109 1771 serebatur,
1140 1679 1352 1753 Germanico

378 1829 440 1899 per
466 1803 644 1900 ambages,
673 1822 712 1874 ut
726 1829 803 1875 mos
814 1801 974 1891 oraculis,
1006 1808 1223 1873 “maturum
1248 1797 1350 1872 exiti-

379 1927 407 1964 “
424 1922 512 1994 um’'
541 1921 709 1994 cecinisse.

426 2041 509 2114 LV.
537 2045 597 2112 Ατ
615 2041 687 2112 Cu.
700 2042 809 2131 P1s0,
845 2067 916 2138 quo
934 2038 1171 2138 properantius
1185 2035 1354 2109 destinata

295 2144 298 2153 ¹
378 2158 561 2255 inciperet,
600 2158 780 2232 civitatem
818 2159 1082 2232 Atheniensium
1115 2156 1257 2232 turbido
1299 2156 1353 2228 in-

379 2279 474 2352 ceffu
501 2278 703 2358 exterritam
724 2277 882 2351 oratione
909 2276 999 2350 saeva
1012 2277 1179 2374 increpat,
1210 2272 1354 2371 oblique

379 2397 631 2471 Germanicum
658 2396 907 2494 perstringens,
932 2396 1072 2493 “quod
1101 2413 1222 2468 contra
1249 2393 1355 2466 decus

380 2525 412 2610 .“
431 2516 585 2591 Romani
601 2515 753 2588 nominis
769 2541 849 2590 ‚non
870 2512 1096 2610 Athenienses
1120 2532 1173 2587 tot
1199 2512 1356 2585 cladibus

382 2643 411 2680 “
428 2636 626 2725 exstinctos,
655 2632 714 2707 sed
739 2633 929 2708 colluviem
960 2635 1058 2707 illam
1080 2633 1264 2726 nationum
1296 2656 1355 2703 co-

383 2763 412 2799 “
430 2755 550 2828 mirate
565 2754 673 2827 nimia
689 2755 862 2826 coluisset:
891 2755 955 2826 hos
972 2752 1067 2826 enim
1082 2755 1148 2826 esse
1165 2749 1355 2824 Mithrida-

384 2873 473 2948 “tis
497 2875 662 2948 adversus
690 2874 836 2962 Sullam,
862 2872 1010 2946 Antonii
1042 2872 1206 2945 adversus
1231 2869 1357 2942 divum

384 3003 412 3039 “
431 2995 632 3093 Augustum
659 2991 767 3067 socios
783 2994 821 3065 :’'
861 2991 965 3064 etiarn
1004 3012 1120 3064 veteru
1148 2989 1356 3087 objedabat,

386 3121 414 3158 “
432 3141 511 3211 quae
542 3114 578 3186 in
608 3114 826 3186 Macedones
862 3110 1086 3207 improspere,
1119 3109 1289 3181 violenter
1321 3108 1358 3179 in

387 3233 510 3306 “suos
532 3231 686 3304 fecissent
700 3231 737 3303 :''
776 3228 925 3303 offensus
949 3229 1028 3302 urbi
1056 3227 1196 3325 propria
1217 3251 1359 3324 quoquc

384 3353 456 3435 ira;
492 3351 576 3446 quia
609 3348 852 3445 Theophilum
888 3347 1078 3444 quemdam
1110 3351 1205 3420 Areo
1224 3345 1358 3443 judicio

385 3471 458 3544 salsi
479 3470 700 3557 damnatum,
726 3467 889 3564 precibus
910 3465 976 3539 suis
1014 3491 1086 3538 non
1117 3466 1359 3539 concederent.

387 3589 484 3662 Exin
494 3586 718 3684 navigatione
736 3585 841 3659 celeri
858 3611 917 3683 per
930 3587 1114 3680 Cycladas,
1142 3589 1174 3658 δι
1193 3608 1360 3681 compen-

387 3707 446 3781 dia
462 3706 576 3796 maris,
608 3704 807 3803 adsequitur
825 3705 1076 3778 Germanicum
1100 3706 1193 3801 apud
1215 3701 1363 3778 insulam

387 3827 573 3914 Rhodum,
600 3826 694 3898 haud
729 3822 883 3898 nescium
922 3825 1050 3921 quibus
1083 3821 1362 3897 insectationibus

389 3947 515 4049 petitus
531 3944 644 4040 soret:
672 3942 732 4018 sed
756 3947 851 4021 tantzl
872 3941 1135 4021 mansuetudine
1151 3943 1292 4042 agebat,
1322 3960 1362 4014 ut
