3259 5284
345 538 412 633 308
558 533 601 607 C.
633 532 1125 609 Communem

344 712 467 785 cabula
491 708 667 807 usurpant,
697 712 903 807 Halumque
928 714 961 782 δι
986 707 1207 796 Artemitam,
1231 709 1315 781 Par-

343 831 437 907 thica
469 828 611 925 oppida,
653 830 800 927 recepit;
839 828 1048 902 certantibus
1077 826 1219 925 gaudio,
1254 827 1316 924 qui

343 947 574 1037 Artabanum,
600 952 742 1044 Scythas
770 948 857 1019 inter
879 949 1058 1036 edustum,
1083 949 1131 1019 ob
1151 943 1316 1021 saevitiam

344 1066 517 1156 exsecrati,
548 1092 648 1141 come
671 1066 834 1141 Tiridatis
857 1066 1036 1165 ingenium
1052 1070 1231 1138 Romanas
1254 1089 1316 1161 pcr

344 1208 431 1261 artes
447 1185 638 1282 sperabant.

393 1308 509 1379 XLII.
534 1306 757 1379 Prummu
785 1303 990 1377 adulationis
1021 1301 1235 1377 Seleucenses
1260 1302 1314 1375 in-

343 1428 464 1516 dudre,
489 1424 607 1497 civitas
632 1444 768 1521 potens,
796 1424 890 1521 septa
906 1424 1025 1513 muris,
1051 1448 1165 1522 neque
1181 1422 1216 1494 in
1238 1424 1314 1495 bar-

343 1550 468 1621 barum
497 1564 673 1637 corrupta,
702 1542 759 1617 sed
788 1544 973 1617 conditoris
1000 1542 1132 1617 Seleuci
1155 1541 1313 1614 retinens.

342 1661 503 1737 Trecenti
521 1662 659 1757 opibus,
683 1682 742 1735 aut
757 1660 919 1759 sapientia
934 1663 1071 1753 delesti,
1099 1683 1138 1736 ut
1155 1660 1311 1735 senatus:

342 1782 401 1857 sua
424 1782 555 1875 populo
571 1781 636 1869 vis,
652 1784 684 1853 dt
710 1782 870 1879 quotiens
884 1785 1069 1857 concordes
1084 1802 1207 1881 agunt,
1224 1779 1317 1878 sper·

343 1902 436 1975 nitur
461 1901 629 1972 Parthus:
665 1900 725 1973 ubi
749 1900 944 1991 dill'ensdre,
973 1904 1060 1974 dum
1088 1902 1149 1975 fibi
1171 1897 1316 1998 quisque

344 2040 463 2095 contra
492 2020 635 2093 aemulos
663 2018 848 2093 subsidium
871 2040 1012 2110 vocant,
1035 2020 1163 2093 accitus
1180 2020 1217 2093 in
1238 2048 1315 2118 par-

344 2162 430 2229 tem,
458 2139 642 2211 adversdm
667 2163 787 2211 omnes
809 2138 958 2212 valescit.
1022 2141 1064 2212 Id
1091 2165 1202 2237 nuper
1223 2140 1315 2213 acci-

342 2264 454 2349 derat,
469 2259 646 2331 Artabano
662 2276 843 2354 regnante,
872 2258 933 2354 qui
950 2260 1090 2353 plebem
1106 2258 1316 2355 primoribus

349 2377 489 2463 tradidit
507 2402 552 2451 ex
575 2373 635 2465 suo
652 2374 736 2449 usu:
767 2400 849 2448 nam
865 2377 986 2473 populi
1003 2376 1202 2473 imperium,
1214 2375 1318 2473 juxta

345 2614 487 2714 propior
509 2612 567 2685 est.
615 2614 712 2685 Turn
736 2614 980 2687 adventantem
997 2614 1176 2691 Tiridaten
1196 2617 1316 2691 ‘extol-

344 2736 435 2824 lunt,
459 2752 615 2805 veterum
640 2758 762 2830 regum
791 2732 993 2823 honoribus,
1024 2738 1058 2807 ac
1087 2760 1174 2832 quos
1200 2760 1317 2807 recens

341 2875 422 2930 aetas
443 2852 570 2949 largius
586 2852 747 2924 invdnit:
778 2854 878 2924 simul
894 2855 1020 2949 probra
1040 2853 1077 2926 in
1095 2856 1317 2927 Artabanum

345 2973 551 3063 fundebant,
587 2980 614 3015 “
632 2974 785 3046 maternd
815 2971 948 3071 origine
978 2970 1179 3062 Arsaciden,
1204 2992 1318 3046 cetera

346 3102 373 3137 “
391 3094 637 3191 degenerem.''
694 3090 866 3163 Tiridates
892 3116 966 3164 rem
991 3091 1226 3166 Seleucensem
1254 3118 1317 3190 po·

345 3214 431 3312 pulo
460 3211 651 3308 permittit:
679 3236 763 3283 mox
793 3209 998 3302 consultans,
1034 3218 1233 3310 “quonam
1260 3212 1318 3285 die

347 3330 572 3405 “sollemnia
597 3330 694 3429 regni
716 3332 945 3426 capesseret;”
969 3331 1083 3404 literas
1108 3332 1258 3405 Phraatis
1282 3336 1317 3403 δε

346 3449 526 3539 Hieronis,
554 3450 614 3546 qui
633 3449 850 3523 validissimas
868 3448 1082 3546 praefeduras
1098 3451 1315 3539 obtinebant,

345 3566 486 3665 accipit,
522 3575 548 3609 “
579 3570 721 3640 brevem
757 3570 916 3641 moram''
949 3569 1178 3666 precantium,
1209 3567 1318 3665 placi·

343 3708 489 3783 tumque
523 3693 549 3727 “
567 3684 717 3783 opperiri
746 3687 840 3758 viros
865 3690 1141 3785 praepollentes.''
1200 3693 1322 3786 Atque

344 3806 481 3889 interim
508 3804 709 3901 Ctesiphon,
739 3804 833 3877 sedes
849 3804 999 3901 imperii,
1028 3807 1155 3905 petita:
1186 3808 1244 3882 sed
1261 3807 1322 3886 ubi

342 3928 437 4007 diem
454 3951 499 4012 ex
517 3926 573 4015 die
598 3924 828 4022 prolatabant,
854 3925 974 3999 multis
992 3950 1110 4000 coram
1129 3933 1163 4006 aa
1191 3930 1319 4026 adpro.

1552 3750 1587 3797 1
