<?xml version="1.0" encoding="UTF-8"?>
<!DOCTYPE html PUBLIC "-//W3C//DTD XHTML 1.0 Transitional//EN"
    "http://www.w3.org/TR/xhtml1/DTD/xhtml1-transitional.dtd">
<html xmlns="http://www.w3.org/1999/xhtml" xml:lang="en" lang="en">
 <head>
  <title>
</title>
<meta http-equiv="Content-Type" content="text/html;charset=utf-8" />
  <meta name='ocr-system' content='tesseract 3.04.00' />
  <meta name='ocr-capabilities' content='ocr_page ocr_carea ocr_par ocr_line ocrx_word'/>
</head>
<body>
  <div class='ocr_page' id='page_1' title='image "./ccorneliitaciti04freigoog_0089.png"; bbox 0 0 3259 5284; ppageno 0'>
   <div class='ocr_carea' id='block_1_1' title="bbox 452 603 1217 702">
    <p class='ocr_par' dir='ltr' id='par_1_1' title="bbox 452 603 1217 702">
     <span class='ocr_line' id='line_1_1' title="bbox 452 603 1217 702; baseline -0.001 -23"><span class='ocrx_word' id='word_1_1' title='bbox 452 611 757 679; x_wconf 77' lang='lat' dir='ltr'>Auunsruu</span> <span class='ocrx_word' id='word_1_2' title='bbox 791 603 956 677; x_wconf 76' lang='lat' dir='ltr'>Lrnl.</span> <span class='ocrx_word' id='word_1_3' title='bbox 1175 612 1217 702; x_wconf 72' lang='lat'>3¹1</span> 
     </span>
    </p>
   </div>
   <div class='ocr_carea' id='block_1_2' title="bbox 143 773 1296 4092">
    <p class='ocr_par' dir='ltr' id='par_1_2' title="bbox 248 773 1291 1828">
     <span class='ocr_line' id='line_1_2' title="bbox 248 773 1219 874; baseline -0.002 -22"><span class='ocrx_word' id='word_1_4' title='bbox 248 780 446 870; x_wconf 89' lang='lat' dir='ltr'>videbatur,</span> <span class='ocrx_word' id='word_1_5' title='bbox 498 777 722 853; x_wconf 89' lang='lat' dir='ltr'>“discedere</span> <span class='ocrx_word' id='word_1_6' title='bbox 757 778 793 850; x_wconf 93' lang='lat' dir='ltr'>in</span> <span class='ocrx_word' id='word_1_7' title='bbox 833 777 1051 874; x_wconf 88' lang='lat' dir='ltr'>manipulos&#39;&#39;</span> <span class='ocrx_word' id='word_1_8' title='bbox 1092 773 1219 874; x_wconf 88' lang='lat' dir='ltr'>jubet:</span> 
     </span>
     <span class='ocr_line' id='line_1_3' title="bbox 252 895 1291 995; baseline -0.004 -21"><span class='ocrx_word' id='word_1_9' title='bbox 252 907 280 943; x_wconf 91' lang='lat'>“</span> <span class='ocrx_word' id='word_1_10' title='bbox 298 905 341 974; x_wconf 82' lang='lat' dir='ltr'>stc</span> <span class='ocrx_word' id='word_1_11' title='bbox 366 899 487 973; x_wconf 68' lang='lat' dir='ltr'>melitis</span> <span class='ocrx_word' id='word_1_12' title='bbox 523 899 700 972; x_wconf 86' lang='lat' dir='ltr'>audituros</span> <span class='ocrx_word' id='word_1_13' title='bbox 728 895 951 993; x_wconf 87' lang='lat' dir='ltr'>responsum:</span> <span class='ocrx_word' id='word_1_14' title='bbox 987 895 1114 970; x_wconf 86' lang='lat' dir='ltr'>vexilla</span> <span class='ocrx_word' id='word_1_15' title='bbox 1135 924 1223 995; x_wconf 87' lang='lat' dir='ltr'>prae-</span> <span class='ocrx_word' id='word_1_16' title='bbox 1288 980 1291 989; x_wconf 45' lang='lat'>‚</span> 
     </span>
     <span class='ocr_line' id='line_1_4' title="bbox 252 1015 1223 1110; baseline -0.001 -18"><span class='ocrx_word' id='word_1_17' title='bbox 252 1026 280 1062; x_wconf 89' lang='lat'><strong><em>“</em></strong></span> <span class='ocrx_word' id='word_1_18' title='bbox 296 1018 389 1110; x_wconf 91' lang='lat' dir='ltr'>serri,</span> <span class='ocrx_word' id='word_1_19' title='bbox 421 1040 460 1092; x_wconf 90' lang='lat' dir='ltr'>ut</span> <span class='ocrx_word' id='word_1_20' title='bbox 482 1020 519 1092; x_wconf 92' lang='lat' dir='ltr'>id</span> <span class='ocrx_word' id='word_1_21' title='bbox 534 1017 651 1092; x_wconf 88' lang='lat' dir='ltr'>saltem</span> <span class='ocrx_word' id='word_1_22' title='bbox 676 1015 881 1091; x_wconf 87' lang='lat' dir='ltr'>discerneret</span> <span class='ocrx_word' id='word_1_23' title='bbox 893 1017 1051 1090; x_wconf 90' lang='lat' dir='ltr'>cohortes</span> <span class='ocrx_word' id='word_1_24' title='bbox 1067 1017 1102 1088; x_wconf 76' lang='lat'>:⁹³</span> <span class='ocrx_word' id='word_1_25' title='bbox 1125 1019 1223 1090; x_wconf 68' lang='lat' dir='ltr'>tardd</span> 
     </span>
     <span class='ocr_line' id='line_1_5' title="bbox 252 1136 1223 1238; baseline -0.004 -26"><span class='ocrx_word' id='word_1_26' title='bbox 252 1140 546 1238; x_wconf 70' lang='lat' dir='ltr'>obtemperavero</span> <span class='ocrx_word' id='word_1_27' title='bbox 594 1141 700 1212; x_wconf 89' lang='lat' dir='ltr'>Tunc</span> <span class='ocrx_word' id='word_1_28' title='bbox 724 1143 786 1208; x_wconf 89' lang='lat' dir='ltr'>“a</span> <span class='ocrx_word' id='word_1_29' title='bbox 810 1136 1030 1209; x_wconf 84' lang='lat' dir='ltr'>veneratione</span> <span class='ocrx_word' id='word_1_30' title='bbox 1047 1139 1157 1234; x_wconf 86' lang='lat' dir='ltr'>Augu</span> <span class='ocrx_word' id='word_1_31' title='bbox 1187 1136 1223 1169; x_wconf 83' lang='lat'>&#39;’&#39;</span> 
     </span>
     <span class='ocr_line' id='line_1_6' title="bbox 252 1253 1223 1353; baseline -0.003 -22"><span class='ocrx_word' id='word_1_32' title='bbox 252 1257 360 1348; x_wconf 87' lang='lat' dir='ltr'>orsus,</span> <span class='ocrx_word' id='word_1_33' title='bbox 382 1259 478 1331; x_wconf 83' lang='lat' dir='ltr'>flexit</span> <span class='ocrx_word' id='word_1_34' title='bbox 508 1262 535 1300; x_wconf 89' lang='lat'><strong><em>“</em></strong></span> <span class='ocrx_word' id='word_1_35' title='bbox 549 1258 593 1329; x_wconf 91' lang='lat' dir='ltr'>ad</span> <span class='ocrx_word' id='word_1_36' title='bbox 605 1256 763 1330; x_wconf 71' lang='lat' dir='ltr'>vidiorias</span> <span class='ocrx_word' id='word_1_37' title='bbox 776 1254 1040 1353; x_wconf 87' lang='lat' dir='ltr'>triumphosque</span> <span class='ocrx_word' id='word_1_38' title='bbox 1050 1253 1223 1346; x_wconf 83' lang='lat' dir='ltr'>Tiberii‚&#39;&#39;</span> 
     </span>
     <span class='ocr_line' id='line_1_7' title="bbox 253 1375 1223 1475; baseline 0 -26"><span class='ocrx_word' id='word_1_39' title='bbox 253 1376 433 1475; x_wconf 87' lang='lat' dir='ltr'>praecipuis</span> <span class='ocrx_word' id='word_1_40' title='bbox 455 1377 615 1450; x_wconf 87' lang='lat' dir='ltr'>laudibus</span> <span class='ocrx_word' id='word_1_41' title='bbox 638 1377 827 1466; x_wconf 82' lang='lat' dir='ltr'>celebrans,</span> <span class='ocrx_word' id='word_1_42' title='bbox 862 1381 979 1471; x_wconf 85' lang='lat' dir='ltr'>“quae</span> <span class='ocrx_word' id='word_1_43' title='bbox 1014 1375 1108 1472; x_wconf 92' lang='lat' dir='ltr'>apud</span> <span class='ocrx_word' id='word_1_44' title='bbox 1135 1379 1223 1449; x_wconf 90' lang='lat' dir='ltr'>Ger-</span> 
     </span>
     <span class='ocr_line' id='line_1_8' title="bbox 254 1493 1224 1592; baseline 0.001 -25"><span class='ocrx_word' id='word_1_45' title='bbox 254 1495 428 1568; x_wconf 86' lang='lat' dir='ltr'>“manias</span> <span class='ocrx_word' id='word_1_46' title='bbox 451 1494 516 1568; x_wconf 86' lang='lat' dir='ltr'>illis</span> <span class='ocrx_word' id='word_1_47' title='bbox 542 1521 624 1568; x_wconf 88' lang='lat' dir='ltr'>curn</span> <span class='ocrx_word' id='word_1_48' title='bbox 650 1493 846 1592; x_wconf 86' lang='lat' dir='ltr'>legionibus</span> <span class='ocrx_word' id='word_1_49' title='bbox 873 1494 1102 1591; x_wconf 86' lang='lat' dir='ltr'>pulcherrima</span> <span class='ocrx_word' id='word_1_50' title='bbox 1129 1493 1224 1568; x_wconf 87' lang='lat' dir='ltr'>fecis-</span> 
     </span>
     <span class='ocr_line' id='line_1_9' title="bbox 258 1610 1224 1703; baseline 0.002 -17"><span class='ocrx_word' id='word_1_51' title='bbox 258 1622 287 1657; x_wconf 91' lang='lat'><strong>“</strong></span> <span class='ocrx_word' id='word_1_52' title='bbox 303 1613 387 1688; x_wconf 86' lang='lat' dir='ltr'>set.&#39;&#39;</span> <span class='ocrx_word' id='word_1_53' title='bbox 413 1621 442 1657; x_wconf 92' lang='lat'><strong>“</strong></span> <span class='ocrx_word' id='word_1_54' title='bbox 457 1615 587 1687; x_wconf 84' lang='lat' dir='ltr'>Italiae”</span> <span class='ocrx_word' id='word_1_55' title='bbox 606 1613 687 1687; x_wconf 89' lang='lat' dir='ltr'>inde</span> <span class='ocrx_word' id='word_1_56' title='bbox 704 1621 730 1656; x_wconf 91' lang='lat'><strong>“</strong></span> <span class='ocrx_word' id='word_1_57' title='bbox 744 1610 958 1703; x_wconf 89' lang='lat' dir='ltr'>consensum,</span> <span class='ocrx_word' id='word_1_58' title='bbox 972 1613 1164 1686; x_wconf 87' lang='lat' dir='ltr'>Galliarum</span> <span class='ocrx_word' id='word_1_59' title='bbox 1182 1619 1224 1688; x_wconf 79' lang='lat' dir='ltr'>fi-</span> 
     </span>
     <span class='ocr_line' id='line_1_10' title="bbox 256 1729 1233 1828; baseline 0.001 -22"><span class='ocrx_word' id='word_1_60' title='bbox 256 1741 284 1777; x_wconf 90' lang='lat'><strong>“</strong></span> <span class='ocrx_word' id='word_1_61' title='bbox 296 1735 403 1806; x_wconf 89' lang='lat' dir='ltr'>dem”</span> <span class='ocrx_word' id='word_1_62' title='bbox 416 1734 563 1818; x_wconf 83' lang='lat' dir='ltr'>extollit3</span> <span class='ocrx_word' id='word_1_63' title='bbox 579 1729 1233 1828; x_wconf 85' lang='lat' dir='ltr'>“nilusquamturbidumautdiscors.”</span> 
     </span>
    </p>

    <p class='ocr_par' dir='ltr' id='par_1_3' title="bbox 143 1851 1296 4092">
     <span class='ocr_line' id='line_1_11' title="bbox 299 1851 1226 1940; baseline 0.003 -16"><span class='ocrx_word' id='word_1_64' title='bbox 299 1851 456 1924; x_wconf 89' lang='lat' dir='ltr'>XXXV.</span> <span class='ocrx_word' id='word_1_65' title='bbox 480 1853 778 1940; x_wconf 67' lang='lat' dir='ltr'>Susino-hac,</span> <span class='ocrx_word' id='word_1_66' title='bbox 802 1851 858 1923; x_wconf 86' lang='lat' dir='ltr'>vel</span> <span class='ocrx_word' id='word_1_67' title='bbox 882 1876 1060 1923; x_wconf 88' lang='lat' dir='ltr'>murmure</span> <span class='ocrx_word' id='word_1_68' title='bbox 1084 1853 1226 1927; x_wconf 86' lang='lat' dir='ltr'>modico</span> 
     </span>
     <span class='ocr_line' id='line_1_12' title="bbox 253 1969 1226 2068; baseline 0.003 -24"><span class='ocrx_word' id='word_1_69' title='bbox 253 1971 369 2044; x_wconf 87' lang='lat' dir='ltr'>audita</span> <span class='ocrx_word' id='word_1_70' title='bbox 394 1969 483 2044; x_wconf 83' lang='lat' dir='ltr'>sunt.</span> <span class='ocrx_word' id='word_1_71' title='bbox 530 1973 584 2043; x_wconf 92' lang='lat' dir='ltr'>Ut</span> <span class='ocrx_word' id='word_1_72' title='bbox 619 1969 822 2042; x_wconf 88' lang='lat' dir='ltr'>seditionem</span> <span class='ocrx_word' id='word_1_73' title='bbox 849 1970 978 2068; x_wconf 84' lang='lat' dir='ltr'>attigit,</span> <span class='ocrx_word' id='word_1_74' title='bbox 1011 1973 1111 2046; x_wconf 88' lang='lat' dir='ltr'>“ubi</span> <span class='ocrx_word' id='word_1_75' title='bbox 1148 2000 1226 2047; x_wconf 93' lang='lat' dir='ltr'>mo-</span> 
     </span>
     <span class='ocr_line' id='line_1_13' title="bbox 255 2087 1224 2185; baseline 0.004 -23"><span class='ocrx_word' id='word_1_76' title='bbox 255 2097 283 2133; x_wconf 90' lang='lat'><strong>“</strong></span> <span class='ocrx_word' id='word_1_77' title='bbox 296 2089 402 2164; x_wconf 86' lang='lat' dir='ltr'>destia</span> <span class='ocrx_word' id='word_1_78' title='bbox 430 2089 610 2162; x_wconf 88' lang='lat' dir='ltr'>militaris?</span> <span class='ocrx_word' id='word_1_79' title='bbox 634 2089 696 2162; x_wconf 93' lang='lat' dir='ltr'>ubi</span> <span class='ocrx_word' id='word_1_80' title='bbox 728 2087 852 2162; x_wconf 86' lang='lat' dir='ltr'>veteris</span> <span class='ocrx_word' id='word_1_81' title='bbox 878 2087 1066 2185; x_wconf 89' lang='lat' dir='ltr'>disciplinae</span> <span class='ocrx_word' id='word_1_82' title='bbox 1089 2093 1224 2166; x_wconf 84' lang='lat' dir='ltr'>decus?</span> 
     </span>
     <span class='ocr_line' id='line_1_14' title="bbox 256 2197 1226 2306; baseline 0.004 -25"><span class='ocrx_word' id='word_1_83' title='bbox 256 2216 284 2252; x_wconf 92' lang='lat'><strong>“</strong></span> <span class='ocrx_word' id='word_1_84' title='bbox 302 2209 457 2306; x_wconf 78' lang='lat' dir='ltr'>quonam</span> <span class='ocrx_word' id='word_1_85' title='bbox 473 2208 651 2281; x_wconf 89' lang='lat' dir='ltr'>tribunos?</span> <span class='ocrx_word' id='word_1_86' title='bbox 671 2206 743 2304; x_wconf 79' lang='lat' dir='ltr'>qud</span> <span class='ocrx_word' id='word_1_87' title='bbox 758 2207 973 2280; x_wconf 89' lang='lat' dir='ltr'>centuriones</span> <span class='ocrx_word' id='word_1_88' title='bbox 984 2208 1193 2306; x_wconf 82' lang='lat' dir='ltr'>exegissent?</span> <span class='ocrx_word' id='word_1_89' title='bbox 1204 2197 1226 2247; x_wconf 73' lang='lat'>⁵³</span> 
     </span>
     <span class='ocr_line' id='line_1_15' title="bbox 254 2326 1227 2425; baseline 0.007 -25"><span class='ocrx_word' id='word_1_90' title='bbox 254 2326 433 2425; x_wconf 83' lang='lat' dir='ltr'>rogitans:</span> <span class='ocrx_word' id='word_1_91' title='bbox 474 2327 605 2398; x_wconf 87' lang='lat' dir='ltr'>nudant</span> <span class='ocrx_word' id='word_1_92' title='bbox 631 2326 777 2398; x_wconf 78' lang='lat' dir='ltr'>universi</span> <span class='ocrx_word' id='word_1_93' title='bbox 810 2352 972 2422; x_wconf 83' lang='lat' dir='ltr'>corpora,</span> <span class='ocrx_word' id='word_1_94' title='bbox 1014 2328 1227 2407; x_wconf 87' lang='lat' dir='ltr'>“cicatrices</span> 
     </span>
     <span class='ocr_line' id='line_1_16' title="bbox 255 2445 1224 2543; baseline 0.005 -24"><span class='ocrx_word' id='word_1_95' title='bbox 255 2454 282 2490; x_wconf 89' lang='lat'><strong>“</strong></span> <span class='ocrx_word' id='word_1_96' title='bbox 299 2471 344 2519; x_wconf 88' lang='lat' dir='ltr'>ex</span> <span class='ocrx_word' id='word_1_97' title='bbox 379 2445 594 2534; x_wconf 86' lang='lat' dir='ltr'>vulneribus,</span> <span class='ocrx_word' id='word_1_98' title='bbox 620 2446 805 2517; x_wconf 86' lang='lat' dir='ltr'>verberum</span> <span class='ocrx_word' id='word_1_99' title='bbox 833 2447 956 2518; x_wconf 88' lang='lat' dir='ltr'>notas&#39;&#39;</span> <span class='ocrx_word' id='word_1_100' title='bbox 983 2451 1224 2543; x_wconf 83' lang='lat' dir='ltr'>exprobrant3</span> 
     </span>
     <span class='ocr_line' id='line_1_17' title="bbox 255 2563 1227 2659; baseline 0.004 -21"><span class='ocrx_word' id='word_1_101' title='bbox 255 2591 341 2638; x_wconf 85' lang='lat' dir='ltr'>mox</span> <span class='ocrx_word' id='word_1_102' title='bbox 357 2563 542 2638; x_wconf 83' lang='lat' dir='ltr'>indiscretis</span> <span class='ocrx_word' id='word_1_103' title='bbox 555 2563 712 2652; x_wconf 89' lang='lat' dir='ltr'>vocibus,</span> <span class='ocrx_word' id='word_1_104' title='bbox 738 2571 766 2605; x_wconf 89' lang='lat'><strong>“</strong></span> <span class='ocrx_word' id='word_1_105' title='bbox 782 2563 891 2659; x_wconf 89' lang='lat' dir='ltr'>pretia</span> <span class='ocrx_word' id='word_1_106' title='bbox 903 2565 1137 2658; x_wconf 88' lang='lat' dir='ltr'>vacationum,</span> <span class='ocrx_word' id='word_1_107' title='bbox 1165 2597 1227 2644; x_wconf 89' lang='lat' dir='ltr'>an-</span> 
     </span>
     <span class='ocr_line' id='line_1_18' title="bbox 256 2663 1228 2784; baseline 0.007 -29"><span class='ocrx_word' id='word_1_108' title='bbox 256 2691 284 2726; x_wconf 89' lang='lat'><strong>“</strong></span> <span class='ocrx_word' id='word_1_109' title='bbox 303 2682 429 2781; x_wconf 86' lang='lat' dir='ltr'>gustias</span> <span class='ocrx_word' id='word_1_110' title='bbox 450 2663 623 2779; x_wconf 82' lang='lat' dir='ltr'>stipendii,</span> <span class='ocrx_word' id='word_1_111' title='bbox 645 2682 806 2755; x_wconf 89' lang='lat' dir='ltr'>duritiam</span> <span class='ocrx_word' id='word_1_112' title='bbox 820 2686 1006 2779; x_wconf 83' lang='lat' dir='ltr'>openim,’&#39;</span> <span class='ocrx_word' id='word_1_113' title='bbox 1028 2710 1068 2757; x_wconf 86' lang='lat' dir='ltr'>ac</span> <span class='ocrx_word' id='word_1_114' title='bbox 1081 2689 1228 2784; x_wconf 88' lang='lat' dir='ltr'>propriis</span> 
     </span>
     <span class='ocr_line' id='line_1_19' title="bbox 254 2798 1226 2900; baseline 0.003 -25"><span class='ocrx_word' id='word_1_115' title='bbox 254 2801 452 2875; x_wconf 85' lang='lat' dir='ltr'>nominibus</span> <span class='ocrx_word' id='word_1_116' title='bbox 485 2798 650 2889; x_wconf 85' lang='lat' dir='ltr'>incusant,</span> <span class='ocrx_word' id='word_1_117' title='bbox 693 2804 721 2841; x_wconf 92' lang='lat'><strong>“</strong></span> <span class='ocrx_word' id='word_1_118' title='bbox 739 2801 885 2889; x_wconf 90' lang='lat' dir='ltr'>vallum,</span> <span class='ocrx_word' id='word_1_119' title='bbox 934 2798 1049 2892; x_wconf 83' lang='lat' dir='ltr'>soffas,</span> <span class='ocrx_word' id='word_1_120' title='bbox 1092 2808 1226 2900; x_wconf 87' lang='lat' dir='ltr'>pabuli,</span> 
     </span>
     <span class='ocr_line' id='line_1_20' title="bbox 256 2919 1230 3018; baseline 0.005 -26"><span class='ocrx_word' id='word_1_121' title='bbox 256 2927 285 2962; x_wconf 92' lang='lat'><strong>“</strong></span> <span class='ocrx_word' id='word_1_122' title='bbox 299 2920 464 3010; x_wconf 88' lang='lat' dir='ltr'>materiae,</span> <span class='ocrx_word' id='word_1_123' title='bbox 500 2920 679 3017; x_wconf 86' lang='lat' dir='ltr'>lignomm</span> <span class='ocrx_word' id='word_1_124' title='bbox 713 2919 913 3016; x_wconf 85' lang='lat' dir='ltr'>adgestus,&#39;&#39;&#39;</span> <span class='ocrx_word' id='word_1_125' title='bbox 952 2926 986 2992; x_wconf 73' lang='grc' dir='ltr'>δι</span> <span class='ocrx_word' id='word_1_126' title='bbox 1026 2926 1143 3018; x_wconf 80' lang='lat' dir='ltr'>siqua</span> <span class='ocrx_word' id='word_1_127' title='bbox 1163 2926 1230 2998; x_wconf 86' lang='lat' dir='ltr'>alia</span> 
     </span>
     <span class='ocr_line' id='line_1_21' title="bbox 255 3035 1296 3139; baseline 0.003 -27"><span class='ocrx_word' id='word_1_128' title='bbox 255 3063 300 3112; x_wconf 84' lang='lat' dir='ltr'>ex</span> <span class='ocrx_word' id='word_1_129' title='bbox 318 3041 521 3128; x_wconf 86' lang='lat' dir='ltr'>neceffitate,</span> <span class='ocrx_word' id='word_1_130' title='bbox 549 3057 607 3110; x_wconf 86' lang='lat' dir='ltr'>aut</span> <span class='ocrx_word' id='word_1_131' title='bbox 620 3037 783 3110; x_wconf 72' lang='lat' dir='ltr'>adversus</span> <span class='ocrx_word' id='word_1_132' title='bbox 800 3037 910 3109; x_wconf 90' lang='lat' dir='ltr'>otium</span> <span class='ocrx_word' id='word_1_133' title='bbox 927 3039 1116 3113; x_wconf 88' lang='lat' dir='ltr'>castrorum</span> <span class='ocrx_word' id='word_1_134' title='bbox 1130 3068 1228 3139; x_wconf 86' lang='lat' dir='ltr'>quae-</span> <span class='ocrx_word' id='word_1_135' title='bbox 1293 3035 1296 3040; x_wconf 45' lang='lat'><em>⁷</em></span> 
     </span>
     <span class='ocr_line' id='line_1_22' title="bbox 251 3157 1228 3237; baseline 0.009 -9"><span class='ocrx_word' id='word_1_136' title='bbox 251 3179 383 3230; x_wconf 88' lang='lat' dir='ltr'>runtur.</span> <span class='ocrx_word' id='word_1_137' title='bbox 432 3157 670 3230; x_wconf 86' lang='lat' dir='ltr'>Atrociffimus</span> <span class='ocrx_word' id='word_1_138' title='bbox 698 3177 940 3230; x_wconf 84' lang='lat' dir='ltr'>veteranorum</span> <span class='ocrx_word' id='word_1_139' title='bbox 973 3160 1106 3232; x_wconf 88' lang='lat' dir='ltr'>clamor</span> <span class='ocrx_word' id='word_1_140' title='bbox 1140 3163 1228 3237; x_wconf 86' lang='lat' dir='ltr'>orie·</span> 
     </span>
     <span class='ocr_line' id='line_1_23' title="bbox 254 3272 1227 3373; baseline 0.007 -25"><span class='ocrx_word' id='word_1_141' title='bbox 254 3277 369 3365; x_wconf 85' lang='lat' dir='ltr'>batur,</span> <span class='ocrx_word' id='word_1_142' title='bbox 383 3275 442 3373; x_wconf 92' lang='lat' dir='ltr'>qui</span> <span class='ocrx_word' id='word_1_143' title='bbox 457 3276 597 3364; x_wconf 89' lang='lat' dir='ltr'>tricena,</span> <span class='ocrx_word' id='word_1_144' title='bbox 611 3295 670 3348; x_wconf 86' lang='lat' dir='ltr'>aut</span> <span class='ocrx_word' id='word_1_145' title='bbox 683 3272 797 3372; x_wconf 70' lang='lat' dir='ltr'>suprb,</span> <span class='ocrx_word' id='word_1_146' title='bbox 815 3275 984 3371; x_wconf 90' lang='lat' dir='ltr'>stipendia</span> <span class='ocrx_word' id='word_1_147' title='bbox 993 3303 1227 3372; x_wconf 85' lang='lat' dir='ltr'>numerantes,</span> 
     </span>
     <span class='ocr_line' id='line_1_24' title="bbox 256 3393 1228 3483; baseline 0.006 -15"><span class='ocrx_word' id='word_1_148' title='bbox 256 3401 283 3437; x_wconf 90' lang='lat'><strong>“</strong></span> <span class='ocrx_word' id='word_1_149' title='bbox 297 3397 494 3468; x_wconf 86' lang='lat' dir='ltr'>mederetur</span> <span class='ocrx_word' id='word_1_150' title='bbox 507 3393 606 3483; x_wconf 84' lang='lat' dir='ltr'>feffiS,</span> <span class='ocrx_word' id='word_1_151' title='bbox 633 3419 700 3466; x_wconf 90' lang='lat' dir='ltr'>neu</span> <span class='ocrx_word' id='word_1_152' title='bbox 724 3415 873 3467; x_wconf 88' lang='lat' dir='ltr'>mortem</span> <span class='ocrx_word' id='word_1_153' title='bbox 898 3395 933 3468; x_wconf 93' lang='lat' dir='ltr'>in</span> <span class='ocrx_word' id='word_1_154' title='bbox 953 3395 1074 3470; x_wconf 89' lang='lat' dir='ltr'>iisdem</span> <span class='ocrx_word' id='word_1_155' title='bbox 1102 3400 1228 3474; x_wconf 80' lang='lat' dir='ltr'>labori-</span> 
     </span>
     <span class='ocr_line' id='line_1_25' title="bbox 143 3499 1228 3617; baseline 0.007 -31"><span class='ocrx_word' id='word_1_156' title='bbox 143 3573 145 3578; x_wconf 94' lang='lat'><em>.</em></span> <span class='ocrx_word' id='word_1_157' title='bbox 253 3519 281 3555; x_wconf 91' lang='lat'><strong>“</strong></span> <span class='ocrx_word' id='word_1_158' title='bbox 299 3517 376 3604; x_wconf 90' lang='lat' dir='ltr'>bus,</span> <span class='ocrx_word' id='word_1_159' title='bbox 415 3512 472 3587; x_wconf 88' lang='lat' dir='ltr'>sed</span> <span class='ocrx_word' id='word_1_160' title='bbox 506 3516 613 3586; x_wconf 88' lang='lat' dir='ltr'>finem</span> <span class='ocrx_word' id='word_1_161' title='bbox 652 3533 724 3585; x_wconf 89' lang='lat' dir='ltr'>tarn</span> <span class='ocrx_word' id='word_1_162' title='bbox 749 3512 910 3586; x_wconf 83' lang='lat' dir='ltr'>exercitae</span> <span class='ocrx_word' id='word_1_163' title='bbox 937 3499 1084 3605; x_wconf 86' lang='lat' dir='ltr'>militiae,</span> <span class='ocrx_word' id='word_1_164' title='bbox 1115 3543 1228 3617; x_wconf 90' lang='lat' dir='ltr'>neque</span> 
     </span>
     <span class='ocr_line' id='line_1_26' title="bbox 255 3632 1229 3737; baseline 0.009 -33"><span class='ocrx_word' id='word_1_165' title='bbox 255 3633 443 3729; x_wconf 90' lang='lat' dir='ltr'>“inopem</span> <span class='ocrx_word' id='word_1_166' title='bbox 466 3632 662 3730; x_wconf 84' lang='lat' dir='ltr'>requiem,&#39;&#39;</span> <span class='ocrx_word' id='word_1_167' title='bbox 683 3633 838 3705; x_wconf 86' lang='lat' dir='ltr'>orabant.</span> <span class='ocrx_word' id='word_1_168' title='bbox 888 3633 1000 3705; x_wconf 71' lang='lat' dir='ltr'>Fuere</span> <span class='ocrx_word' id='word_1_169' title='bbox 1034 3636 1138 3710; x_wconf 86' lang='lat' dir='ltr'>etiam</span> <span class='ocrx_word' id='word_1_170' title='bbox 1167 3641 1229 3737; x_wconf 89' lang='lat' dir='ltr'>qui</span> 
     </span>
     <span class='ocr_line' id='line_1_27' title="bbox 254 3749 1227 3851; baseline 0.008 -29"><span class='ocrx_word' id='word_1_171' title='bbox 254 3751 406 3848; x_wconf 85' lang='lat' dir='ltr'>legatam</span> <span class='ocrx_word' id='word_1_172' title='bbox 443 3777 464 3824; x_wconf 88' lang='lat' dir='ltr'>a</span> <span class='ocrx_word' id='word_1_173' title='bbox 488 3752 572 3823; x_wconf 88' lang='lat' dir='ltr'>divo</span> <span class='ocrx_word' id='word_1_174' title='bbox 601 3749 763 3848; x_wconf 88' lang='lat' dir='ltr'>Augusto</span> <span class='ocrx_word' id='word_1_175' title='bbox 789 3750 972 3846; x_wconf 88' lang='lat' dir='ltr'>pecuniam</span> <span class='ocrx_word' id='word_1_176' title='bbox 1000 3755 1227 3851; x_wconf 86' lang='lat' dir='ltr'>reposcerent,</span> 
     </span>
     <span class='ocr_line' id='line_1_28' title="bbox 254 3867 1228 3960; baseline 0.009 -20"><span class='ocrx_word' id='word_1_177' title='bbox 254 3867 370 3942; x_wconf 84' lang='lat' dir='ltr'>faustis</span> <span class='ocrx_word' id='word_1_178' title='bbox 383 3869 418 3941; x_wconf 94' lang='lat' dir='ltr'>in</span> <span class='ocrx_word' id='word_1_179' title='bbox 435 3869 683 3943; x_wconf 88' lang='lat' dir='ltr'>Germanicum</span> <span class='ocrx_word' id='word_1_180' title='bbox 699 3867 899 3942; x_wconf 89' lang='lat' dir='ltr'>ominibus:</span> <span class='ocrx_word' id='word_1_181' title='bbox 925 3877 973 3960; x_wconf 73' lang='grc' dir='ltr'>ἃ,</span> <span class='ocrx_word' id='word_1_182' title='bbox 997 3876 1019 3946; x_wconf 81' lang='lat' dir='ltr'>si</span> <span class='ocrx_word' id='word_1_183' title='bbox 1037 3877 1141 3948; x_wconf 89' lang='lat' dir='ltr'>vellet</span> <span class='ocrx_word' id='word_1_184' title='bbox 1162 3877 1228 3949; x_wconf 89' lang='lat' dir='ltr'>im·</span> 
     </span>
     <span class='ocr_line' id='line_1_29' title="bbox 254 3987 1269 4092; baseline 0.012 -32"><span class='ocrx_word' id='word_1_185' title='bbox 254 3987 404 4089; x_wconf 88' lang='lat' dir='ltr'>perium,</span> <span class='ocrx_word' id='word_1_186' title='bbox 426 4010 610 4088; x_wconf 87' lang='lat' dir='ltr'>promptos</span> <span class='ocrx_word' id='word_1_187' title='bbox 632 3987 857 4062; x_wconf 72' lang='lat' dir='ltr'>ostentavere.</span> <span class='ocrx_word' id='word_1_188' title='bbox 906 3992 1004 4064; x_wconf 93' lang='lat' dir='ltr'>Tum</span> <span class='ocrx_word' id='word_1_189' title='bbox 1026 3996 1110 4068; x_wconf 79' lang='lat' dir='ltr'>verb</span> <span class='ocrx_word' id='word_1_190' title='bbox 1136 3999 1228 4092; x_wconf 81' lang='lat' dir='ltr'>quast</span> <span class='ocrx_word' id='word_1_191' title='bbox 1266 4025 1269 4028; x_wconf 84' lang='lat'><strong>·</strong></span> 
     </span>
    </p>
   </div>
   <div class='ocr_carea' id='block_1_3' title="bbox 0 0 1651 5284">
    <p class='ocr_par' dir='ltr' id='par_1_4' title="bbox 0 0 1651 5284">
     <span class='ocr_line' id='line_1_30' title="bbox 0 0 1651 5284; baseline 0 0"><span class='ocrx_word' id='word_1_192' title='bbox 0 0 1651 5284; x_wconf 95' lang='lat' dir='ltr'> </span> 
     </span>
    </p>
   </div>
  </div>
 </body>
</html>
