3259 5284
364 528 434 624 296
554 524 596 597 C.
636 522 903 603 connum
941 522 1144 597 Tncrnr

367 719 431 767 nus
448 694 638 769 secundum
662 698 835 769 bonorum
857 691 1003 781 civium,
1029 694 1063 763 δι
1080 688 1142 787 qui
1154 688 1275 763 elidem
1286 691 1337 767 sa·

367 813 463 886 milia
486 815 653 911 corruptis
680 813 848 902 moribus,
882 808 1016 883 inlustri
1050 828 1167 881 tamen
1199 804 1336 892 sortund

368 932 479 1029 egere.
537 912 541 920 ¹

415 1042 584 1124 xxvffl'.
609 1052 773 1125 Pinio
801 1046 926 1137 Fabio,
955 1051 1002 1122 L.
1032 1045 1173 1119 Vitellio
1188 1046 1335 1121 consuli.

368 1170 447 1257 bus,
493 1168 571 1265 post
608 1170 755 1265 longum
797 1166 1001 1241 saeculorum
1037 1164 1223 1256 ambitum,
1267 1165 1340 1239 avis

367 1284 519 1357 Phoenix
537 1284 572 1357 in
589 1286 790 1383 AEgyptum
805 1286 915 1376 venit,
930 1282 1147 1383 praebuitque
1162 1284 1337 1359 materiem

367 1402 566 1485 doslillrmis
588 1402 845 1502 indigenarum,
868 1410 902 1477 ac
924 1407 1144 1492 Graecorum,
1157 1403 1269 1475 multa
1282 1401 1337 1475 su·

368 1548 429 1619 per
441 1548 482 1595 eo
500 1522 666 1595 miraculo
679 1522 886 1596 differendi:
912 1524 958 1595 de
983 1521 1111 1621 quibus
1123 1542 1337 1620 congruunt,

369 1644 404 1713 δι
422 1641 518 1737 plura
534 1640 713 1737 ambigua,
742 1640 799 1714 sed
820 1641 965 1740 cognitu
981 1667 1053 1713 non
1071 1638 1229 1730 absurda,
1256 1666 1336 1737 pro·

361 1782 463 1831 mere
479 1758 575 1832 libet.
625 1760 766 1833 Sacrum
778 1759 850 1831 Soli
865 1760 901 1831 id
914 1759 1055 1849 animal,
1078 1763 1112 1832 δι
1130 1784 1190 1831 ore
1213 1784 1252 1832 ac
1270 1756 1337 1833 dis-

368 1875 478 1951 tindtu
500 1876 687 1973 pinnamrn
711 1903 732 1951 a
756 1878 874 1952 ceteris
897 1878 1019 1951 avibus
1039 1876 1226 1965 diversum,
1254 1901 1338 1950 con·

368 1992 531 2084 sentiunt,
556 1994 618 2092 qui
635 1993 786 2069 sormam
803 1994 875 2092 ejus
894 1995 1070 2069 definiere.
1119 1996 1176 2068 De
1192 2020 1340 2067 numero

368 2136 540 2185 annorum
581 2114 674 2187 varia
705 2116 911 2187 traduntur:
959 2112 1113 2191 maxime
1138 2114 1339 2210 vulgatum,

371 2230 642 2329 quingentorum
663 2231 829 2328 spatium:
856 2232 932 2306 sunt
944 2231 1004 2329 qui
1020 2231 1232 2320 adseverent,
1246 2231 1343 2304 mille

370 2348 642 2447 quadringentos
657 2348 835 2447 sexaginta
851 2376 961 2423 unum
972 2347 1135 2445 interjici3
1149 2347 1343 2446 prioresque

369 2466 466 2539 alites
482 2464 663 2539 Sesostride
680 2466 846 2562 primum,
865 2465 941 2564 post
958 2469 1134 2556 Amaside,
1157 2466 1340 2540 dominan-

372 2585 478 2675 tibus,
492 2584 573 2665 dein
590 2585 794 2674 Ptolemaeo,
811 2584 930 2682 quiex
947 2585 1205 2659 Macedonibus
1221 2586 1341 2659 tertius

370 2702 542 2801 regnavit,
577 2702 613 2775 in
646 2701 836 2792 civitatem,
866 2702 924 2776 cui
958 2702 1158 2802 Heliopolis
1195 2729 1340 2796 nomen,

370 2821 595 2911 advolavisse,
622 2822 735 2897 multo
751 2842 942 2895 ceterarum
959 2824 1142 2896 volucrum
1159 2822 1341 2914 comitatu,

371 2966 501 3017 novam
518 2938 643 3013 faciem
655 2939 866 3013 mirantium.
914 2941 981 3012 Sed
997 2940 1181 3038 antiquitas
1199 2940 1343 3038 quidem

371 3059 540 3134 obscura:
573 3058 660 3130 inter
685 3058 915 3131 Ptolemaeum
946 3084 987 3131 ac
1018 3058 1202 3133 Tiberium
1229 3059 1343 3133 minias

371 3176 514 3253 ducenti
532 3175 785 3275 quinquaginta
801 3175 882 3250 anni
898 3174 1055 3249 suerunt:
1074 3177 1169 3251 unde
1185 3178 1343 3253 nonnulli

372 3297 494 3375 salsum
510 3298 603 3369 hunc
626 3295 847 3383 Phoenicem,
877 3320 993 3392 neque
1017 3299 1176 3371 Arabum
1199 3322 1219 3369 e
1246 3293 1343 3369 terris

372 3416 562 3502 credidere,
581 3412 737 3509 nihilque
754 3410 964 3509 usurpavisse
989 3439 1034 3487 ex
1050 3414 1117 3504 his,
1143 3441 1222 3512 quae
1243 3434 1344 3495 vetus

373 3532 541 3608 memoria
578 3531 752 3609 firmavit:
800 3528 961 3606 conferto
1003 3532 1134 3629 quippe
1173 3557 1345 3606 annorum

372 3668 532 3741 numero,
550 3650 612 3724 ubi
628 3676 723 3724 mors
741 3648 962 3755 propinquet,
979 3648 1044 3722 suis
1061 3650 1097 3722 in
1111 3650 1204 3724 terris
1216 3650 1344 3724 struere

372 3770 509 3861 nidum,
537 3767 640 3866 eique
665 3768 739 3841 vim
757 3764 944 3866 genitalem
961 3765 1166 3861 adfundere,
1195 3794 1240 3841 ex
1274 3770 1344 3865 qul

372 3890 483 3983 setutn
500 3886 604 3963 oriri:
633 3891 666 3963 δι
689 3887 840 3989 primam
866 3886 986 3966 adulto
1012 3910 1133 3963 curam
1157 3886 1342 3995 sepeliendi
