3259 5284
397 621 699 690 Annnnrure
735 611 847 686 Lis.
869 612 931 686 IV.
1126 639 1196 715 239
1305 667 1308 673 ,

228 801 258 839 “
275 784 517 890 eruptionem’'
532 789 729 865 suaderent:
749 812 863 885 neque
874 785 1059 885 ignobiles,
1072 813 1196 887 quam*

229 912 282 986 vis
297 911 419 985 diversi
435 909 615 987 sententiis.

275 1034 322 1105 L.
337 1034 483 1103 Vononi
500 1054 519 1103 e
536 1028 698 1118 ducibus,
716 1026 832 1119 Dinis,
852 1028 1034 1125 provodus
1049 1027 1195 1123 senem,

228 1156 262 1226 bc
279 1153 388 1249 longo
413 1150 474 1223 usu
490 1147 564 1223 vim
585 1168 691 1246 atque
711 1147 931 1221 clementiam
947 1150 1144 1225 Romanam
1160 1178 1197 1225 e.

226 1274 363 1360 dostus,
390 1277 417 1314 “
436 1269 597 1367 ponenda
628 1292 736 1357 arma,
770 1293 880 1340 unum
907 1266 1053 1342 adflictis
1080 1270 1117 1343 id
1145 1297 1197 1345 re·

229 1397 258 1434 “
276 1389 473 1479 medium,''
497 1388 686 1463 differebat.
734 1384 940 1482 Primusque
955 1383 989 1458 se
1005 1412 1088 1461 cum
1112 1415 1196 1463 con.

221 1507 367 1609 juge&
392 1507 507 1583 liberis
532 1506 655 1581 victori
682 1505 857 1601 permisit:
882 1504 988 1581 secuti
1012 1525 1115 1579 aetate
1138 1529 1198 1586 aut

226 1628 310 1703 sexu
326 1626 507 1717 imbecilli,
534 1630 568 1700 δι
595 1623 723 1722 quibus
750 1622 861 1721 major
875 1624 971 1714 vitae,
997 1623 1104 1721 quim
1121 1629 1198 1723 glo-

227 1746 301 1835 riae,
327 1746 468 1842 cupido.
518 1749 569 1817 At
582 1742 748 1840 juventus
763 1742 908 1815 Tarsam
924 1742 1011 1815 inter
1032 1748 1067 1818 δι
1083 1746 1198 1821 Ture·

228 1868 290 1937 sim
311 1864 583 1936 distrahebatur:
610 1860 746 1957 utrique
771 1860 980 1934 destinatum
995 1888 1078 1937 cum
1095 1864 1198 1939 liber.

228 2001 298 2055 tate
315 1980 496 2055 occidere:
523 1979 581 2053 sod
608 1978 713 2053 Tarsa
739 1985 767 2024 “
785 2006 972 2077 properum
989 1984 1111 2076 finem,
1134 1988 1197 2060 ab.

231 2100 489 2197 “rumpendas
525 2097 650 2196 pariter
674 2096 748 2195 spes
773 2124 813 2171 ac
842 2101 981 2172 mctus”
1003 2103 1197 2196 clamitans,

227 2218 325 2293 dedit
340 2220 557 2315 exemplum,
583 2218 726 2291 demisso
743 2217 779 2291 in
790 2220 911 2315 peetus
925 2216 1035 2293 ferro:
1061 2248 1126 2297 nec
1136 2226 1199 2297 de.

228 2338 323 2415 fuere
358 2337 418 2437 qui
446 2338 570 2411 eodem
593 2338 703 2411 modo
730 2356 943 2434 oppeterent.
991 2341 1126 2415 Turesis
1141 2342 1200 2420 sut

228 2484 311 2533 cunr
337 2482 445 2531 manu
473 2458 612 2531 nostem
638 2456 832 2553 opperitur,
857 2458 954 2531 haud
979 2456 1092 2535 nescio
1107 2462 1200 2538 duce

229 2576 355 2650 nostro.
404 2575 515 2673 Igitur
532 2576 677 2649 firmatae
701 2574 863 2649 stationes
885 2578 1097 2652 densioribus
1121 2581 1200 2677 glo-

229 2694 281 2766 bis
295 2723 306 2779 ;
333 2699 368 2766 δε
384 2693 567 2790 ingruebat
583 2719 656 2767 nox
671 2693 794 2767 nimbo
810 2713 922 2785 atrox,
940 2696 1112 2795 hostisque
1127 2702 1200 2773 cla-

227 2835 325 2885 more
342 2810 498 2899 turbido,
523 2810 632 2883 modo
649 2836 710 2909 per
726 2813 861 2886 vastum
881 2814 1065 2907 silentium,
1090 2816 1200 2891 incer·

227 2948 282 3001 tos
298 2927 481 3001 obsessores
512 2928 692 3003 effecerat:
719 2931 802 3003 cbm
828 2932 974 3007 Sabinus
1003 2936 1198 3028 circumire,

227 3046 368 3136 hortari,
394 3054 484 3120 “ne
509 3048 553 3121 ad
569 3048 736 3147 ambigua
761 3048 903 3141 sonitsss,
928 3071 988 3126 aut
1013 3054 1200 3129 simulatio·

229 3172 359 3239 “nem
377 3165 514 3265 quietis,
539 3166 655 3240 casum
678 3165 912 3243 insidiantibus
935 3173 1116 3268 aperirent,
1140 3174 1200 3249 sed

229 3292 257 3329 “
275 3284 334 3358 sua
367 3282 513 3383 quisque
538 3284 660 3359 munia
685 3284 855 3362 servarent
879 3286 1030 3385 immoti,
1055 3294 1199 3394 telisque

227 3409 257 3448 “
274 3428 346 3477 non
364 3404 401 3477 in
418 3402 540 3477 falsum
555 3402 693 3503 jadis.”

274 3524 338 3596 LI.
363 3524 542 3596 Iunones
556 3523 690 3598 barbari
701 3526 845 3601 catervis
859 3529 1089 3623 decurrentes,
1104 3559 1200 3609 nunc

227 3640 263 3712 in
281 3642 413 3713 vallum
442 3642 616 3717 manualia
642 3642 735 3734 saxa,
762 3646 924 3742 praeustas
949 3647 1061 3742 sudes,
1085 3652 1200 3729 decisa

227 3757 352 3829 robora
361 3756 499 3852 jacere:
527 3785 621 3833 nunc
640 3761 809 3859 virgultis,
836 3769 871 3839 δι
885 3766 1047 3857 cratibus,
1073 3773 1108 3843 δι
1120 3795 1197 3845 cor.

176 3916 180 3925 ·
228 3873 372 3971 poribus
393 3876 575 3967 exanimis,
590 3882 766 3975 complere
782 3881 900 3957 fossas:
933 3886 1092 3984 quidam,
1110 3914 1198 3984 pon.

227 4012 278 4074 tes
295 3998 329 4071 δι
346 3993 448 4067 scalas
473 3994 553 4075 ant&
570 3994 738 4091 fabricati,
763 3998 888 4077 inferre
912 4006 1196 4104 propugnaculis,
