3259 5284
555 540 867 613 Annntrvnt
903 542 1104 614 [ΛΜΗ.
1262 548 1328 643 165

337 717 494 788 “annos
517 709 554 784 in
572 713 721 786 modum
745 712 879 787 discidii
904 712 1156 786 obliterentur?
1187 713 1242 788 Sic
1260 719 1325 789 ob·

268 914 271 918 V
336 836 365 872 “
384 830 480 904 viam
491 831 579 904 irent
590 831 645 922 iis,
669 858 747 929 quae
758 832 840 906 alibi
856 852 1091 927 peccarentur,
1118 852 1156 905 ut
1174 834 1325 931 flagitio-

334 956 364 993 “
381 976 459 1023 rum
475 950 585 1024 Urbis
599 951 869 1024 meminissent.''
897 950 1048 1026 Addidit
1066 934 1177 1048 pauca
1193 955 1325 1027 Drusus
1352 954 1354 961 ’

333 1071 379 1143 de
396 1069 621 1143 matrimonio
647 1069 733 1144 suo:
774 1078 801 1113 “
821 1097 902 1144 nam
919 1070 1140 1168 Principibus
1162 1064 1324 1149 adeunda

335 1196 363 1233 “
382 1188 506 1287 saepius
518 1190 712 1289 longinqua
723 1190 871 1288 imperii.
917 1191 1091 1287 Qiotiens
1103 1192 1228 1265 divum
1242 1198 1320 1267 Au-

335 1316 364 1352 “
382 1311 522 1408 gustum
534 1311 571 1383 in
583 1311 816 1384 Occidentem
833 1330 938 1408 atque
948 1311 1127 1385 Orientem
1141 1314 1318 1407 meavisse,

334 1436 363 1473 “
381 1430 507 1503 comite
520 1429 649 1503 Livia?
672 1429 705 1503 se
718 1456 861 1529 quoque
871 1430 907 1503 in
920 1428 1099 1525 Illyricum
1110 1430 1317 1527 prosedum3

334 1556 362 1592 “
381 1554 430 1639 ἃ,
456 1549 539 1624 srita
551 1553 741 1641 conducat,
773 1550 855 1622 alias
868 1550 911 1621 ad
925 1570 1044 1647 gentes
1057 1548 1202 1640 iturum,
1223 1555 1317 1627 haud

334 1668 516 1766 “semper
545 1696 648 1767 aequo
672 1670 805 1758 anim0,
836 1667 923 1741 srab‘
937 1693 1047 1741 uxore
1071 1669 1251 1761 carissimas,
1282 1678 1316 1746 &

334 1794 433 1860 “tot
454 1788 700 1861 communium
726 1787 919 1861 liberorum
944 1808 1102 1884 parente,
1132 1782 1315 1865 divellere-

334 1914 364 1953 “
382 1910 475 1981 tur.''
523 1908 579 1980 Sic
593 1908 741 1981 Caecinae
759 1906 926 1980 sententia
944 1905 1045 1979 elusa.

382 2028 539 2102 XXXV.
558 2030 615 2101 Er
635 2052 809 2101 enoxtntr
830 2025 965 2099 senatsrs
981 2024 1053 2115 die,
1076 2026 1237 2103 Tiberius
1255 2056 1317 2128 per

335 2146 447 2221 literas
473 2146 642 2246 castigatis
663 2146 807 2244 oblique
825 2145 997 2243 patribus,
1026 2154 1055 2190 “
1074 2146 1171 2244 qubd
1191 2153 1316 2227 cunda

332 2273 360 2309 “
378 2293 540 2341 curarum
552 2269 597 2339 ad
609 2265 811 2363 Principem
822 2265 1039 2364 rejicerent,’'
1065 2268 1314 2366 M.I.epidum

329 2388 364 2459 a
382 2388 529 2482 Junium
544 2384 693 2462 Blaesum
709 2385 906 2459 nominavit
924 2413 932 2457 :
969 2386 1109 2483 estquis
1129 2390 1313 2483 proconsul

329 2504 461 2579 Africae
482 2507 665 2603 legeretur.
714 2507 813 2578 Tum
838 2504 955 2579 audita
977 2506 1165 2578 amborum
1191 2511 1311 2600 verba,

330 2625 491 2698 intentibs
508 2623 692 2697 excusante
703 2623 736 2697 se
749 2624 903 2720 Lepide,
929 2624 1011 2697 ciam
1035 2626 1312 2703 “valetudinem

330 2751 359 2787 ‘⁴
377 2741 545 2840 corporis,
564 2762 700 2815 aetatem
713 2742 878 2831 liberdm,
902 2741 1059 2815 nubilem
1089 2742 1222 2815 filiam'’
1246 2751 1311 2820 ob-

328 2865 485 2937 tenderet
501 2890 510 2935 z
534 2861 854 2959 intelligereturque
871 2860 990 2949 etiam,
1015 2862 1113 2957 quod
1126 2863 1255 2957 silebat,
1274 2894 1311 2943 a.

328 2985 523 3055 vunculum
547 2984 616 3054 effe
636 2978 748 3077 sejani
768 2978 930 3069 Blaesum,
958 2998 1062 3077 atque
1086 2980 1128 3053 eb
1152 2987 1310 3078 praevali-

328 3102 428 3174 dum.
479 3098 677 3197 Respondit
692 3097 815 3172 Blaesus
828 3098 940 3196 specie
953 3099 1152 3189 recusantis,
1178 3100 1309 3178 sedne-

327 3246 396 3319 que
411 3220 535 3293 eidem
551 3216 823 3308 adseveratione,
858 3224 892 3293 δι
914 3218 1076 3297 consensu
1092 3222 1308 3299 adulantium

324 3340 419 3415 haud
428 3337 527 3437 jutus
539 3339 600 3413 est.

373 3460 548 3533 XXXVI.
585 3460 694 3533 Exrst
725 3477 947 3555 promptum,
982 3461 1080 3557 quod
1111 3461 1306 3539 multorum

323 3578 456 3653 intimis
479 3576 658 3675 questibus
682 3580 877 3675 tegebatur.
927 3580 1115 3652 Incedebat
1133 3580 1227 3653 enirn
1244 3584 1306 3657 de-

323 3698 464 3773 terrimo
477 3698 605 3794 cuique
616 3697 919 3793 licentia,impune
932 3700 1072 3794 probra,
1088 3705 1121 3773 a
1135 3696 1306 3779 invidiam

324 3815 362 3889 in
385 3819 498 3889 bonos
519 3816 709 3905 excitandi,
736 3818 872 3913 arreptd
893 3814 1047 3915 imagine
1071 3818 1236 3893 Caesaris:
1265 3825 1305 3897 li-

323 3936 483 4033 bertique
498 3934 603 4007 etiam
619 3961 659 4007 ac
675 3932 777 4024 servi,
802 3955 950 4031 patrono
963 3938 1020 4009 vel
1031 3938 1193 4029 domino,
1222 3944 1304 4017 cbm
1365 4022 1368 4029 ι

322 4078 441 4147 voces,
470 4054 555 4133 cnm
567 4078 690 4129 manus
701 4052 922 4146 intentarent,
946 4056 1035 4129 ultro
1048 4060 1303 4139 metuebantur.

743 4174 837 4274 Ma
