3259 5284
464 668 990 752 AuranrunLrn.VI.
1164 687 1263 765 31¹«

261 848 403 925 dicavit.
451 848 521 925 Sed
532 852 734 927 aestimando
751 846 916 946 cujusque
930 844 1138 919 detrimento
1151 868 1237 941 qua-

264 989 344 1045 tuor
383 972 566 1071 progeneri
593 968 748 1060 Caesaris‚
790 970 859 1042 Cn.
885 966 1077 1056 Domitius,
1108 966 1238 1039 Cassius

262 1090 465 1189 longinus,
479 1094 535 1165 M.
548 1090 717 1181 Vinicius,
732 1088 918 1169 Rubellius
934 1088 1085 1161 Blandus
1095 1087 1237 1177 delesti,

263 1208 484 1307 additusque,
511 1210 747 1285 nominatione
762 1205 959 1298 consulum,
983 1208 1024 1278 P.
1044 1204 1237 1281 Petronius.

266 1330 327 1419 Et,
353 1355 416 1427 pro
442 1328 584 1434 ingenio
608 1328 785 1427 cujusque,
815 1328 949 1426 quaesrti
976 1324 1178 1421 decretique
1200 1325 1238 1401 in

263 1446 464 1547 Principem
480 1452 650 1525 honores:
680 1474 768 1545 quos
784 1444 937 1520 omiserit
965 1442 1177 1540 receperitve
1199 1443 1239 1519 in

263 1566 395 1643 incerto
421 1566 500 1659 fuir,
524 1571 573 1643 ob
590 1568 827 1664 propinquum
842 1566 922 1637 vitae
938 1566 1059 1637 finem.
1109 1565 1239 1661 Neque

263 1687 358 1760 enim
386 1684 499 1759 multo
526 1684 603 1784 post
629 1684 776 1781 supremi
801 1686 947 1759 Tiberio
975 1682 1142 1773 consules,
1168 1684 1237 1757 Cn.

266 1804 489 1894 Acerronius,
519 1806 561 1877 C.
595 1804 739 1878 Pontius
776 1803 1012 1903 magistratum
1055 1804 1236 1900 occepere,

265 1921 371 1995 nimil
387 1920 465 2021 jam
489 1924 642 2021 potentis
655 1924 849 2014 Macronis,
863 1922 925 2023 qui
939 1922 1085 2021 gratiam
1097 1924 1142 1995 C.
1159 1924 1238 1997 Cae·

264 2040 357 2133 saris,
371 2068 566 2141 numquam
583 2042 644 2117 fibi
660 2044 868 2142 negloslam,
893 2040 1004 2117 acrids
1026 2041 1063 2116 in
1086 2040 1162 2115 dies
1182 2039 1237 2115 so·
1361 2108 1364 2112 ,

263 2164 383 2253 vebat,
410 2160 665 2261 impuleratque
681 2162 758 2261 post
773 2183 921 2237 mortem
936 2159 1107 2251 Claudia,
1130 2184 1239 2259 quam

264 2300 411 2380 nuptam
437 2282 469 2355 ei
493 2280 606 2373 retuli,
630 2308 778 2357 uxorem
802 2280 898 2357 suarn
927 2279 1081 2355 Enniam
1102 2280 1238 2355 immit-

263 2403 387 2492 tendo,
415 2428 532 2477 amore
555 2400 726 2499 juvenem
750 2402 902 2490 inlicere,
927 2402 1100 2498 padloque
1121 2398 1238 2472 matri·

263 2520 374 2597 monii
399 2522 542 2613 vincire,
565 2522 651 2595 nihil
671 2521 1001 2609 abnuentem,dum
1026 2518 1237 2595 dominatio-

262 2640 316 2713 nis
353 2638 570 2737 apisceretur.
631 2644 728 2715 Nam
762 2644 822 2713 etsi
855 2658 1052 2715 commotus
1080 2638 1236 2738 ingenio,

263 2744 521 2831 simulationum
545 2778 664 2835 tamen
687 2757 768 2833 salsa
791 2760 828 2833 in
850 2763 923 2835 sinu
949 2760 1006 2835 avi
1043 2759 1236 2857 perdidice-

262 2896 325 2951 ms.

310 2998 446 3071 XLVI.
470 2999 653 3073 Grannum
676 3000 743 3073 hoc
768 2999 933 3097 Principi,
958 2998 1071 3097 esque
1097 2997 1234 3072 dubita·

263 3116 314 3191 vit
330 3118 376 3191 de
391 3118 559 3191 tradendi
574 3120 769 3215 republicdr
792 3120 948 3217 primum
965 3116 1053 3191 inter
1070 3138 1234 3215 nepotes;

263 3264 418 3337 quorum
434 3238 549 3311 Druso
566 3240 714 3337 genitus,
749 3232 918 3337 sanguine
938 3242 974 3311 δι
999 3236 1139 3310 caritate
1155 3262 1236 3333 pro·

264 3358 355 3456 pior,
374 3356 432 3433 sed
449 3358 610 3433 nondum
628 3360 848 3455 pubertatem
863 3358 1056 3457 ingressus:
1086 3358 1236 3431 Genna-

261 3476 332 3551 nici
348 3476 422 3551 silio
439 3481 546 3553 robur
555 3476 723 3576 juventa,
741 3478 841 3577 vulgi
857 3476 981 3567 studia,
1014 3501 1125 3573 eaque
1140 3476 1238 3574 apud

261 3620 371 3671 avum
403 3598 475 3673 odii
510 3596 619 3673 causa.
680 3598 797 3701 Etiam
827 3600 873 3671 de
899 3597 1049 3673 Claudio
1076 3595 1237 3695 agitanti,

262 3715 361 3811 qudd
377 3716 404 3789 is
421 3720 610 3818 composrtd
627 3736 740 3811 atate,
758 3720 931 3793 bonanrm
946 3718 1072 3792 artium
1094 3717 1239 3813 cupiens
1312 3755 1315 3759 ⁴

261 3852 349 3925 erar,
370 3834 555 3911 imminuta
580 3864 678 3913 mens
701 3836 772 3937 ejus
789 3837 933 3913 obstitit.
981 3836 1041 3912 Sin
1056 3854 1156 3911 extra
1171 3838 1239 3909 do·

143 4032 149 4041 ,
263 3976 364 4025 mum
380 3952 551 4030 successor
566 3980 786 4054 quaerererur,
810 3983 855 4031 ne
878 3959 1051 4033 memoria
1069 3955 1234 4054 Augusti,

262 4094 307 4147 ne
336 4098 466 4151 nomeu
498 4072 686 4155 Caesarum
699 4076 735 4150 in
763 4078 915 4153 ludibria
942 4082 976 4155 ὅτ
1003 4076 1234 4155 contumelias
