3259 5284
494 651 801 721 Anuntrotu
833 651 944 722 Lis.
978 652 1006 723 I.
1207 679 1249 751 19

274 823 302 860 ‘⁴
319 817 510 892 vacationes
522 845 704 894 munerum
721 821 854 894 redimi.
873 826 923 894 At
938 819 1075 895 hercule
1092 826 1246 918 verbera,

273 939 353 1008 “&
382 939 537 1028 vulnera,
564 940 690 1012 duram
716 939 883 1030 hiemem,
913 942 1074 1014 exercitas
1103 944 1245 1037 aestates,

273 1061 303 1096 “
322 1057 452 1129 bellum
468 1077 580 1149 atrox,
610 1079 668 1131 aut
684 1059 830 1132 sterilem
848 1084 983 1156 pacem,
1018 1050 1258 1158 sempiternas

222 1253 228 1280 ·.
274 1180 302 1216 “
320 1199 382 1247 nec
399 1175 492 1247 aliud
522 1179 769 1268 levamentum,
803 1180 911 1275 quam
928 1183 950 1250 fi
968 1180 1065 1253 certis
1082 1180 1143 1254 sub
1159 1184 1245 1282 legi-

274 1300 302 1335 “
320 1296 383 1366 bus
411 1294 531 1366 militia
547 1295 705 1382 inirettu;
723 1316 760 1370 ut
787 1300 936 1395 fingulos
953 1299 1107 1372 denarios
1135 1329 1244 1378 mere-

273 1418 302 1454 “
320 1433 414 1498 rent;
432 1412 698 1488 sextusdecimus
713 1416 870 1512 stipendii
886 1443 994 1490 annus
1010 1419 1116 1491 finem
1133 1421 1243 1496 adfer·-

273 1537 300 1574 “
317 1551 391 1618 ret;
410 1558 453 1606 ne
470 1535 558 1606 ultra
586 1533 647 1607 sub
663 1535 798 1608 vexillis
815 1556 1021 1626 tenerentur,
1050 1535 1107 1610 sed
1124 1538 1243 1615 iisdem

272 1651 354 1722 “in
386 1652 496 1726 castris
530 1655 708 1750 praemium
749 1655 892 1751 pecqu
923 1654 1116 1728 solveretur.
1183 1664 1243 1732 An

272 1779 298 1813 “
317 1771 484 1868 praetorias
511 1775 680 1862 cohortes,
715 1801 793 1871 quae
810 1774 911 1847 binos
938 1774 1093 1846 denarios
1109 1779 1242 1874 accipe-

271 1898 298 1933 “
316 1910 403 1981 rent,
432 1917 509 1988 quae
539 1892 612 1988 post
639 1891 812 1965 sexdecim
837 1918 945 1965 annos
973 1895 1152 1989 penatibus
1177 1893 1243 1968 suis

270 2015 298 2052 “
316 2011 512 2100 reddantur,
528 2013 604 2107 plus
622 2011 848 2107 periculorum
869 2009 1056 2106 suscipere?
1074 2015 1160 2086 Non
1177 2017 1240 2088 ob-

271 2136 298 2172 “
316 2122 446 2202 erenaei
473 2153 495 2202 a
519 2127 552 2202 se
568 2131 727 2204 Urbanas
744 2129 921 2219 excubias,
940 2129 999 2202 fibi
1015 2151 1132 2202 tamen
1148 2136 1242 2229 apud

270 2255 298 2291 “
315 2248 466 2320 horridas
484 2268 602 2346 gentes
619 2273 638 2320 e
655 2249 883 2322 contuberniis
898 2249 1031 2322 hostem
1047 2249 1148 2346 aspici
1162 2253 1197 2323 .'’

315 2368 447 2440 XVIII.
482 2371 770 2442 llosrnarnsnr
803 2369 930 2465 vulgus
956 2369 1093 2444 diversis
1121 2371 1239 2447 incita*-

267 2486 413 2559 mentis:
433 2486 469 2558 hi
485 2489 666 2560 verberum
682 2508 793 2577 notas,
827 2485 877 2558 illi
893 2486 1066 2577 canitiem,
1101 2491 1241 2586 plurimi

267 2606 387 2679 detrita
418 2605 572 2703 tegmina
605 2611 637 2678 δι
666 2607 799 2678 nudum
833 2631 955 2701 corpus
984 2576 1238 2702 exprobrantes.

266 2725 440 2797 Postremo
456 2724 497 2796 eb
509 2723 629 2796 furoris
645 2727 782 2813 venere,
801 2744 839 2795 ut
856 2743 921 2795 tres
934 2723 1085 2818 legiones
1102 2725 1240 2803 miscere

265 2843 301 2915 in
316 2869 421 2915 unam
434 2841 635 2940 agitaverint
652 2870 659 2913 :
679 2844 808 2937 depulsi
827 2841 1057 2929 aemulatione,
1076 2843 1157 2938 quia
1172 2844 1239 2919 suae

265 2960 407 3058 quisque
439 2960 566 3058 legioni
599 2986 679 3034 eum
727 2963 895 3032 honorem
928 2963 1137 3056 quaerebant,
1171 2963 1239 3036 alib

265 3099 413 3168 vertunt,
446 3101 549 3176 atque
566 3081 634 3152 una
650 3068 721 3152 tres¹
733 3079 863 3177 aquilas
881 3083 914 3150 δι
933 3081 1027 3176 signa
1043 3079 1238 3154 cohortium

264 3201 401 3272 locant:
421 3201 519 3272 simul
536 3219 727 3294 congerunt
743 3197 895 3294 cespites,
925 3198 1100 3270 exstruunt
1130 3199 1237 3273 tribu·
1325 3187 1330 3194 ¹

263 3319 333 3407 nal,
353 3317 423 3414 qub
436 3317 547 3414 magis
564 3315 744 3412 conspicua
755 3316 849 3390 sedes
862 3316 958 3390 foret.
972 3317 1237 3414 Properantibus

262 3436 384 3508 Blaesus
413 3436 577 3521 advenit;
596 3436 874 3532 increpabatque,
907 3462 948 3508 ac
975 3438 1140 3509 retinebat
1173 3441 1237 3510 sin-

263 3553 606 3653 gulos,'clamitans:
643 3562 670 3596 “
705 3539 790 3628 Mea
823 3555 935 3651 potibs
967 3556 1061 3628 caede
1092 3557 1237 3632 imbuite

263 3681 290 3716 “
309 3699 454 3746 manus:
506 3673 631 3746 leviore
664 3674 796 3770 flagitio
830 3661 984 3771 legatum
1016 3675 1235 3770 interficietis,

263 3801 291 3837 “
310 3795 416 3892 quam
442 3797 487 3867 ab
515 3794 716 3890 imperatore
732 3790 921 3865 desciscitis.
950 3798 1023 3867 Aut
1055 3794 1236 3872 incolumis

262 3920 290 3956 “
309 3913 416 3985 fidem
442 3913 620 4010 legionum
649 3911 817 4002 retineb0,
846 3933 905 3986 aut
925 3911 1104 4012 jugulatus
1131 3917 1235 4012 paeni·

260 4038 288 4078 “
306 4031 448 4110 tentiam
466 4033 703 4107 adcelerabo.’'

731 4152 807 4230 Ca
