3259 5284
337 657 391 743 70

364 816 576 897 Germanico
595 818 726 898 Oriens
737 819 858 926 permi
881 850 947 914 us3
984 816 1103 929 Pisoni
1119 815 1239 925 Syria,
1260 844 1339 898 cum

363 947 521 1043 occultis,
555 966 596 1026 ut
616 948 790 1046 creditur,
808 950 847 1030 in
868 950 1119 1031 Germanicum
1143 946 1336 1028 mandatis.

362 1079 517 1159 XLIV.
544 1082 695 1189 Drusus
724 1081 762 1158 in
793 1081 979 1188 Illyricum
1010 1065 1172 1160 mittitur
1209 1095 1337 1158 contra

365 1211 576 1303 Germanos,
592 1211 658 1320 qui
671 1210 767 1290 inter
769 1215 816 1318 st
829 1209 998 1318 discordes
1015 1210 1124 1290 otium
1142 1209 1337 1320 &securi-

365 1357 475 1430 tatem
493 1341 663 1420 Romam's
683 1341 822 1448 ficlre.
877 1344 1005 1422 XLV.
1037 1341 1219 1448 Cherusci,
1253 1339 1339 1420 duce

361 1472 545 1565 Arminio,
567 1489 748 1579 potentem
766 1474 809 1551 &
837 1491 990 1552 veterem
1014 1501 1132 1578 regem
1160 1471 1336 1552 Marobo-

306 1675 312 1684 .
364 1601 487 1696 duum,
529 1632 657 1708 magno
692 1632 755 1682 nee
790 1603 974 1682 incruento
1003 1604 1132 1710 prelio
1168 1601 1335 1684 vincunt.

361 1733 535 1816 XLVII.
563 1737 610 1812 In
623 1737 715 1839 Aste
727 1732 902 1814 duodecim
916 1733 1020 1814 urbes
1031 1750 1143 1813 terra
1155 1750 1250 1813 motu
1263 1733 1335 1812 col-

359 1864 482 1972 lapsa.
539 1860 679 1944 Tiberii
704 1864 915 1946 liberalitas.
975 1867 1027 1946 L.
1067 1863 1248 1972 Adolescit
1281 1865 1338 1944 lex

362 1994 564 2101 majestatis.
639 1996 731 2077 LII.
779 1992 999 2104 Tacfiorinas
1035 1996 1073 2074 in
1097 1995 1237 2102 Asricd
1262 1995 1337 2076 bel·-

359 2127 433 2206 lum
467 2146 596 2210 movet.
665 2131 710 2208 A
735 2128 851 2208 Furio
878 2129 1026 2207 Camillo
1038 2128 1169 2233 statim
1200 2132 1337 2236 repref·

345 2262 428 2368 stas.
485 2259 594 2340 LIII.
626 2258 875 2352 Germanicus,
896 2258 1026 2338 iterum
1044 2259 1174 2368 conſsul,
1193 2258 1231 2337 iu
1249 2263 1336 2338 Ar-

348 2369 510 2468 'mensam
537 2389 668 2468 venit:
696 2418 813 2495 regem
844 2396 1033 2482 Zenonem,
1052 2407 1165 2468 amoto
1185 2393 1337 2484 Vonone,

359 2519 559 2601 volentibus
575 2519 619 2599 iis
636 2520 795 2627 imponit.
851 2519 995 2601 Deinde
1012 2523 1212 2628 AEgyptum
1219 2521 1337 2627 prost-

358 2649 519 2759 ciscitur.
575 2653 709 2734 LXII.
745 2653 894 2759 Drusus
913 2654 1109 2730 Germanos
1126 2649 1179 2730 ad
1201 2649 1334 2760 discor-

356 2779 436 2866 dias
461 2782 592 2867 inlicit.
648 2781 907 2878 Moroboduus,
937 2782 982 2862 vi
1012 2779 1201 2862 Catualda
1229 2809 1337 2887 regno

351 2914 427 3027 pul
436 2945 492 3009 us,
511 2914 550 2992 in
561 2913 709 2993 Italiam
727 2914 841 3008 vluit,
858 2915 901 2995 ὅ
920 2917 1109 2995 Ravenna
1120 2929 1191 3022 per
1206 2910 1334 2991 duode-

357 3044 499 3151 uiginti
515 3073 626 3124 annos
644 3044 731 3150 egit.
787 3045 886 3124 Idem
911 3044 1102 3130 Catualda
1119 3073 1197 3124 mox
1221 3047 1335 3154 cossus,
1386 3079 1395 3090 “

249 3161 255 3170 ’
356 3175 423 3288 qui
432 3177 569 3255 Forum
582 3176 730 3284 Julium
744 3174 860 3282 mffss
873 3175 932 3282 est.
990 3175 1142 3258 LXIV.
1173 3176 1335 3284 Rhescu-

349 3305 465 3414 poris,
487 3300 671 3384 Thracum
687 3335 766 3400 rex,
787 3311 895 3412 operd
914 3307 1104 3412 Pomponii
1118 3307 1249 3387 Flacci
1265 3305 1333 3384 da-

355 3436 472 3521 turin
485 3435 663 3514 vincula:
692 3437 842 3514 Romam
852 3434 1084 3543 perducitur.
1141 3437 1333 3518 LXVIII.

358 3565 509 3645 Venonis
532 3565 655 3648 caedes.
713 3567 867 3648 LXIX.
900 3567 1150 3663 Germanicus,
1176 3571 1337 3676 AEgypto

355 3726 527 3792 remeans,
557 3701 700 3793 cunila,
720 3728 801 3808 qua
806 3697 978 3806 jufferat,
1007 3729 1031 3778 a
1050 3699 1175 3806 Pffone
1187 3699 1335 3795 abolita,

354 3829 420 3908 vel
433 3829 471 3908 in
488 3830 710 3909 contrarium
727 3835 835 3940 verstc
852 3829 1000 3937 reperit.
1057 3829 1161 3908 Hinc
1176 3828 1332 3910 inimici-

355 3959 492 4042 tiarum
510 3960 688 4067 flemina..
725 3961 855 4042 Paullo
879 3959 955 4068 pist
986 3961 1102 4040 morbo
1135 3977 1334 4067 correptus,

357 4118 438 4180 cum
464 4091 607 4201 ingenti
630 4092 793 4202 gentium
810 4093 964 4200 omnium
995 4093 1110 4190 ludu,
1129 4091 1336 4178 Antiochia
