3259 5284
558 563 864 635 Auunironr
890 560 1004 633 Lrn.
1029 554 1092 631 ΙΙΙ.
1203 562 1309 677 ,167

334 734 435 824 dum,
467 732 712 831 proconsulem
737 734 864 823 Creta,
892 734 1123 830 postulaverat
1152 729 1312 829 repetun-

333 854 412 940 dis3
441 852 567 943 addito¹
578 852 761 951 majestatis
782 852 941 942 crimine,
973 854 1071 950 quod
1095 873 1172 924 turn
1197 850 1312 923 omni·
1423 878 1429 887 ·

336 1000 397 1047 um
413 972 671 1047 accusationum
681 973 983 1069 complementum
997 992 1078 1045 erat.
1128 968 1240 1043 Caesar
1251 996 1312 1043 an-

334 1092 466 1165 tistium
490 1094 664 1182 Veterem,
698 1117 718 1164 e
745 1091 957 1187 primoribus
984 1089 1222 1178 Macedoniae,
1250 1092 1315 1162 ab·

334 1207 487 1284 solutum
503 1210 675 1302 adulterii,
706 1210 883 1307 increpitis
901 1209 1094 1309 judicibus,
1124 1209 1167 1282 ad
1193 1208 1313 1281 dicen-

333 1328 418 1402 dam
440 1328 621 1427 majestatis
647 1328 784 1402 causam
808 1329 959 1417 retraxit,
987 1347 1027 1401 ut
1052 1327 1246 1417 turbidum,
1278 1333 1313 1401 Sc

334 1446 608 1544 Rhescuporidis
618 1447 765 1521 consiliis
780 1447 1013 1543 permixtum,
1026 1450 1095 1543 qud
1112 1446 1314 1543 tempestate

332 1565 458 1661 Cotye,
486 1566 598 1640 fratris
619 1570 660 1640 F.
690 1566 884 1657 interfedm
912 1568 1045 1639 bellum
1066 1567 1227 1639 adversus
1252 1592 1313 1639 nos

334 1687 502 1759 volverat.
519 1688 630 1784 Igitur
646 1688 765 1783 “aqud
778 1690 811 1758 δι
824 1684 897 1782 igni
904 1684 1126 1758 interdictum
1141 1686 1240 1773 reo,''
1251 1688 1313 1757 ad·

335 1807 555 1901 positumque
568 1803 938 1894 “uttenereturinsitld,
952 1830 1066 1901 neque
1076 1802 1314 1895 Macedonia,

335 1928 364 1964 “
381 1924 661 2021 nequeThraciae
676 1924 908 2021 opportunfi.''
924 1925 1021 1997 Nam
1028 1920 1192 2013 Thracia,
1204 1922 1315 1997 diviso

332 2041 481 2139 imperio
492 2044 529 2117 in
539 2045 808 2119 Rhoemetalcen
820 2042 992 2116 &liberos
1007 2041 1143 2138 Cotyis,
1170 2044 1248 2138 quls
1265 2045 1315 2116 ob

332 2161 513 2236 infantiam
530 2184 623 2237 tutor
639 2158 712 2236 erat'
726 2162 969 2237 Trebellienus
987 2160 1115 2250 Rufus,
1138 2158 1316 2235 insolentia

333 2281 440 2355 nostrl
467 2281 592 2356 discors
605 2285 753 2381 agebat3
772 2307 886 2379 neque
899 2281 1015 2355 minus
1027 2282 1312 2371 Rhoemetalcen,

334 2401 443 2498 quam
458 2401 724 2488 Trebellienum
741 2400 911 2491 incusans,
945 2400 1165 2498 popularium
1178 2398 1316 2498 injurias

334 2519 460 2595 inultas
484 2525 599 2596 finere.
647 2522 807 2610 Coeletae‚
839 2519 1065 2617 Odrysaeque,
1102 2520 1226 2609 &Dii,
1253 2548 1315 2594 va-

335 2638 415 2712 lidae
431 2639 602 2732 nationes,
620 2664 716 2713 arma
733 2642 869 2734 cepere,
883 2638 1032 2712 ducibus
1047 2638 1187 2711 diverfis
1205 2642 1238 2710 ἃ
1252 2666 1316 2735 pa-⁴

336 2755 432 2829 ribus
442 2756 531 2829 inter
542 2755 576 2830 se
589 2782 649 2854 pet
665 2756 945 2854 ignobilitatem:
975 2783 1054 2853 quae
1067 2755 1166 2829 causa
1176 2756 1253 2846 fuit,
1272 2784 1316 2830 ne

335 2873 372 2945 in
399 2873 534 2947 bellurn
557 2896 657 2947 atrox
682 2874 932 2948 coalescerent:
961 2900 1039 2971 pars
1067 2877 1205 2947 turbant
1228 2902 1315 2973 prae-

336 2991 465 3066 sentia:
492 2993 551 3067 alii
568 2992 726 3067 montem
743 2997 916 3069 Haemum
932 2992 1243 3090 transgrediuntur,
1277 3016 1317 3067 ut

335 3133 486 3186 remotos
515 3115 665 3210 populos
691 3113 869 3187 concirent
885 3143 893 3185 ε
908 3147 916 3155 ·
930 3113 1072 3211 plurimi
1097 3138 1137 3185 ac
1163 3113 1318 3186 maxime

337 3233 518 3330 compositi
561 3258 696 3330 regem,
741 3235 938 3329 urbemque
977 3230 1257 3329 Philippopolim
1297 3261 1318 3307 a

337 3353 538 3424 Macedone
553 3351 719 3448 Philippo
737 3355 850 3441 sitam,
876 3351 1136 3431 circumfidunt.

382 3471 560 3547 XXXIX.
597 3476 701 3570 Qua
732 3471 797 3548 uhi
829 3471 972 3569 cognita
1004 3473 1045 3542 P.
1078 3470 1227 3563 Velleio,
1268 3474 1316 3568 (is

278 3640 282 3647 -
338 3590 544 3687 proximum
560 3590 753 3671 exercitum
770 3572 993 3687 praesidebat)
1024 3588 1146 3663 alarios
1172 3589 1315 3687 equites,

337 3733 376 3781 ac
394 3710 487 3782 leves
503 3709 701 3783 cohortium
718 3709 824 3781 mittit
842 3709 966 3799 ineos,
996 3736 1056 3807 qur
1046 3709 1318 3806 praedabundi,

337 3845 399 3899 aut
422 3826 640 3901 adsumendis
661 3827 815 3920 auxiliis,
847 3832 1089 3926 vagabantur:
1118 3826 1188 3924 ipse
1212 3832 1319 3903 robur

338 3944 517 4050 peditum,
540 3948 586 4029 ad
607 3945 861 4023 exsolvendum
890 3948 1078 4041 obsidium,
1108 3947 1214 4024 ducit.
1265 3950 1320 4030 Sl

800 4068 896 4163 Mt
