3259 5284
494 604 797 674 Auuneront
831 601 943 672 Lis.
976 601 1004 672 Ι.
1178 605 1222 700 63

257 773 332 870 quo
359 771 479 847 ceteris
510 776 633 847 eadem
665 759 837 844 neceffitas
866 773 970 844 fieret.
1031 771 1226 846 Manebant

259 892 365 968 etiam
380 914 458 968 tum
476 894 620 992 vestigia
634 890 811 965 morientis
829 889 1001 963 libertatis.
1025 890 1135 987 Igitur
1156 894 1222 967 Cn.

258 1013 349 1104 Piso,
385 1015 547 1110 “an,''
584 1012 709 1108 inquit,
745 1003 1054 1098 “loco'censebis,
1086 1011 1222 1084 Caesar?

260 1136 289 1180 “
308 1135 332 1204 sa
349 1132 494 1227 primus,
512 1133 651 1204 habebo
669 1131 765 1226 quod
780 1128 924 1225 sequar:
956 1133 977 1200 fi
1000 1127 1073 1224 post
1091 1155 1224 1220 omnes,

261 1256 289 1293 “
307 1274 428 1322 vereor
459 1275 503 1322 ne
535 1249 736 1346 imprudens
773 1247 963 1320 diffentiam
978 1249 1014 1318 :''
1051 1270 1226 1343 permotus
1254 1271 1259 1276 ·

259 1367 327 1458 his,
361 1369 560 1465 quantoque
591 1367 760 1440 incautius
787 1367 1003 1454 efferbuerat,
1028 1365 1226 1460 paenitentia

261 1487 405 1583 patiens,
430 1486 510 1558 tulit
525 1485 655 1560 absolvi
675 1512 778 1558 reum
802 1484 1003 1558 criminibus
1020 1481 1223 1580 majestatis:

261 1607 307 1676 de
323 1604 476 1702 pecuniis
492 1605 700 1701 repetundis,
722 1606 766 1676 ad
782 1603 1019 1698 reciperatores
1034 1601 1124 1674 itum
1145 1603 1203 1676 est.

298 1725 450 1795 LXXV.
484 1726 571 1796 Nec
600 1747 764 1796 sarnum
798 1720 1054 1818 cognitionibus
1077 1719 1226 1814 satiatus,

257 1839 397 1937 judiciis
416 1843 591 1914 adfidebat
617 1842 653 1913 in
679 1867 787 1913 cornu
814 1841 1006 1930 tribunalis,
1032 1865 1074 1912 ne
1103 1859 1227 1936 praeto-

263 1984 337 2031 rem
364 1960 474 2032 curuli
501 1961 709 2055 depelleret:
742 1960 920 2055 multaque
946 1985 988 2031 eo
1012 1985 1142 2048 corarn,
1167 1961 1228 2032 ad·

262 2078 380 2150 versus
404 2078 575 2150 ambitum
598 2084 631 2152 &
659 2077 851 2174 potentium
878 2102 992 2174 preces
1019 2077 1226 2154 constituta:

261 2193 321 2267 sed
355 2196 444 2268 dum
477 2195 611 2268 veritati
636 2196 836 2284 consulitur,
865 2195 1000 2270 libertas
1028 2221 1228 2294 corrumpe-

264 2315 375 2388 batur.
424 2317 517 2387 Inter
544 2342 622 2410 quae
648 2314 730 2386 Pius
759 2315 932 2403 Aurelius,
957 2313 1102 2404 senator,
1132 2313 1230 2411 ques-

263 2451 320 2506 tus
349 2434 482 2505 “mole
498 2432 646 2529 publicae
667 2433 747 2522 viae,
770 2435 948 2530 ductuque
976 2458 1157 2528 aquarum,
1183 2436 1231 2507 la-

267 2555 297 2592 “
314 2549 463 2624 befattas
490 2553 581 2623 aedes
603 2550 715 2640 suas‚''
737 2551 904 2624 auxilium
932 2572 1070 2648 patrum
1090 2551 1232 2625 invoca-

264 2670 349 2740 bat:
401 2668 626 2742 refistentibus
670 2669 777 2741 aeratii
815 2667 1029 2766 praetoribus,
1074 2667 1234 2743 subvenit

265 2785 387 2875 Caesar,
416 2787 635 2884 pretiumque
663 2787 793 2860 aedium
821 2786 966 2859 Aurelio
992 2786 1125 2876 tribuit,
1157 2815 1233 2860 ero·

266 2907 390 3002 gande
417 2931 477 3002 per
502 2905 643 2978 honesta
659 2905 811 3002 pecuniae
834 2905 997 3002 cupiens:
1027 2931 1134 2999 quam
1163 2906 1231 2977 vir-

267 3041 379 3095 tutem
395 3024 456 3096 diu
472 3024 626 3113 retinuit,
652 3025 733 3098 cum
745 3045 873 3096 ceteras
886 3043 1037 3096 exueret.
1086 3025 1233 3120 Proper-

266 3136 318 3217 tio
333 3142 446 3217 Celeri
462 3143 636 3237 praetorio,
665 3143 803 3216 veniam
820 3142 948 3214 ordinis
976 3145 1023 3216 ob
1052 3161 1234 3238 pauperta-

266 3277 339 3332 tem
365 3259 507 3356 petenti‚
529 3261 642 3332 decies
665 3259 854 3334 sestertibm
886 3261 1026 3360 largitus
1056 3260 1118 3348 est,
1159 3259 1235 3342 satis

267 3399 465 3475 comperto,
494 3399 648 3475 paternas
675 3379 706 3452 ei
739 3379 912 3476 angustias
940 3381 1028 3452 effe:
1065 3401 1235 3456 tentantes

266 3497 390 3568 eadem
410 3497 509 3585 alios,
537 3500 681 3593 probare
710 3497 847 3571 causam
873 3498 1001 3572 senatui
1023 3495 1140 3594 juffit3
1174 3526 1235 3572 cu-

268 3613 385 3709 pidine
399 3614 595 3705 severitatis,
621 3616 657 3687 in
683 3615 735 3688 his
762 3615 879 3706 etiam,
907 3643 985 3713 quae
1013 3616 1073 3688 rite
1097 3616 1234 3707 faceret,

266 3735 433 3805 acerbus:
467 3736 561 3807 unde
593 3735 697 3807 ceteri
726 3736 894 3808 silentium
929 3739 962 3807 δι
998 3757 1235 3834 paupertatem

265 3849 464 3932 confeffioni
491 3857 526 3928 br
554 3852 723 3928 beneficio
752 3853 979 3952 praeposuere.
