3259 5284
502 554 808 625 nnuman
833 549 946 622 Lru.
970 546 1033 621 IV.
1092 536 1095 541 ⁴
1181 571 1248 647 205

282 732 314 769 u-
331 724 481 799 milites:
509 726 601 799 cerni
618 724 769 825 effigiem
785 723 857 823 ejus
879 724 917 797 in
934 720 1161 797 monimentis
1184 726 1250 797 Cn.

281 852 311 889 “
327 845 509 942 Pompeii:
537 868 741 919 communes
758 845 807 917 illi
825 870 907 918 cum
919 843 1049 917 familia
1061 842 1252 919 Drusorum

281 973 309 1009 “
327 964 400 1039 fore
416 986 582 1062 nepotes:
610 964 819 1061 precandam
837 964 914 1061 post
937 965 1011 1036 haec
1028 962 1250 1053 modestiam,

282 1093 310 1129 “
327 1106 365 1159 ut
380 1105 563 1159 contentus
591 1085 709 1157 effet.''
757 1086 886 1181 Neque
904 1082 991 1171 raro,
1018 1106 1132 1178 neque
1156 1084 1250 1179 apud

279 1232 410 1303 paucos
429 1205 509 1277 talia
518 1202 691 1301 jaciebat:
720 1207 753 1276 &
770 1202 896 1277 secreta
913 1226 1054 1299 quoque
1071 1198 1157 1298 ejus,
1175 1228 1250 1277 cor·

278 1330 379 1422 rupta
400 1350 523 1413 uxore,
550 1325 797 1421 prodebantur.

327 1446 423 1518 v111.
442 1446 582 1517 lorrun
601 1440 740 1540 Sejanus
753 1442 999 1515 maturandum
1012 1462 1115 1531 ratus,
1127 1442 1251 1541 deligit

275 1590 467 1653 venenum,
483 1589 555 1660 quo
573 1562 753 1659 paullatim
769 1562 961 1658 inrepente,
979 1558 1136 1634 fortuitus
1154 1587 1248 1636 mor·

277 1686 344 1756 bus
366 1684 650 1754 adsimulareturr
677 1680 714 1752 id
732 1678 845 1753 Druso
861 1680 982 1753 datum
1000 1704 1062 1776 per
1077 1681 1249 1779 Lygdum

275 1802 479 1897 spadonem,
505 1821 544 1873 ut
559 1802 640 1872 oclo
656 1800 732 1896 post
748 1824 856 1872 annos
873 1800 1054 1898 cognitum
1072 1800 1131 1873 est.
1180 1801 1246 1875 Ce-

277 1922 393 1993 terum
418 1918 583 1992 Tiberius
610 1944 671 2015 per
688 1942 809 1990 omnes
842 1917 1049 1991 valetudinis
1071 1916 1142 2015 ejus
1159 1919 1246 2011 dies,

276 2042 375 2113 nullo
391 2059 502 2129 metu,
530 2065 573 2111 an
597 2059 637 2111 ut
653 2038 907 2111 firmitudinem
924 2036 1031 2110 animi
1048 2038 1246 2131 ostentaret,

275 2159 382 2233 etiam
402 2156 589 2248 defuneto,
615 2158 767 2231 necdum
790 2155 938 2254 sepulto,
965 2156 1096 2231 curiam
1119 2158 1247 2257 ingres-

275 2280 329 2353 sus
353 2278 425 2351 est:
453 2276 688 2376 consulesque,
725 2276 804 2350 sede
833 2276 984 2375 vulgari,
1011 2303 1072 2374 per
1096 2276 1246 2375 speciem

274 2398 443 2473 maestitiae
462 2395 629 2487 sedentes,
655 2397 798 2470 honoris
814 2397 954 2494 locique
976 2398 1182 2485 admonuit3
1210 2405 1245 2475 ὅτ

272 2516 419 2591 effusum
437 2516 473 2589 in
488 2518 646 2589 lacrimas
661 2514 831 2605 senatum,
857 2517 951 2589 viclo
970 2518 1117 2615 gemitu,
1145 2523 1245 2593 fimul

274 2636 429 2709 oratione
446 2636 611 2707 continual
626 2634 745 2708 erexit.
796 2643 825 2678 “
845 2638 930 2709 Non
948 2636 1091 2733 quidem
1110 2637 1169 2712 fibi
1188 2639 1244 2737 ig.

275 2762 304 2797 “
322 2779 459 2842 narum,
485 2756 580 2850 poffe
606 2755 719 2852 argui,
752 2753 849 2852 quod
875 2776 947 2829 tam
971 2757 1099 2831 recenti
1123 2758 1245 2831 dolore

274 2879 304 2917 “
321 2871 462 2947 subierit
479 2875 598 2946 oculos
613 2871 771 2947 senatos:
800 2874 862 2948 vix
880 2876 1159 2974 propinquorum
1181 2880 1244 2951 ad-

273 3002 303 3037 “
321 2993 440 3090 loquia
464 2992 615 3083 tolerari,
642 2994 705 3066 vix
721 2993 818 3067 diem
835 2994 937 3091 aspici
962 2996 1168 3094 aplerisque
1190 2999 1244 3071 lu·

272 3119 302 3156 “
321 3111 505 3209 gentium:
549 3138 663 3210 neque
695 3112 772 3185 illos
799 3100 1046 3189 imbecillitatii
1074 3118 1243 3189 damnan-

272 3240 301 3277 “
319 3235 408 3319 dos;
434 3230 467 3305 se
483 3250 599 3304 tamen
615 3231 760 3305 fortiora
775 3229 892 3306 solatia
913 3260 933 3307 e
957 3238 1147 3332 complexu
1176 3236 1242 3309 rei-

271 3360 300 3397 “
317 3340 468 3449 publicae
496 3351 688 3447 petivisse.''
736 3350 989 3451 Miseratusque
1026 3362 1054 3398 “
1074 3356 1241 3453 Augusta

270 3480 299 3516 ‘⁴
322 3474 517 3545 extremam
528 3469 713 3561 senectam,
730 3472 854 3544 rudem
867 3472 981 3546 adhuc
997 3495 1180 3571 nepotum,
1207 3480 1242 3550 δε

158 3606 164 3617 “
271 3597 521 3687 “vergentem
544 3610 680 3663 atatem
702 3588 811 3682 suam,
838 3610 877 3664 ut
900 3594 1104 3667 Germanici
1122 3593 1240 3685 liberi,

270 3707 419 3781 “unica
446 3708 664 3804 prasentium
689 3711 861 3783 malorum
894 3712 1103 3804 levamenta,
1136 3713 1240 3787 indu-

270 3832 300 3869 “
317 3830 515 3916 cerentur,''
541 3829 675 3925 petivit.
690 3830 821 3927 Egressi
837 3828 992 3904 consules
1005 3834 1160 3907 firmatos
1178 3836 1240 3907 ad·

267 3945 391 4043 loquio
420 3944 706 4041 adolescentulos,
741 3947 977 4049 deductosque
1013 3971 1092 4027 ante
1126 3952 1238 4027 Caesa-
