3259 5284
1191 715 1231 766 ιιι

260 857 474 950 uurooerstas
484 859 780 934 declamansoratori
792 857 983 934 Eudelechio.
1016 857 1137 951 Rursus
1152 857 1232 929 Cur-

252 977 452 1074 stantinopali
465 983 624 1076 recognovi
640 980 773 1074 Caescrrio
789 981 830 1053 δέ
850 983 958 1053 Attico
972 979 1045 1072 Coffi
1067 977 1118 1066 id,
1142 979 1233 1050 bene

260 1117 378 1170 monet
400 1099 472 1172 Th.
500 1099 674 1194 Ryckius,
700 1100 820 1174 deberi
844 1098 982 1172 inscitiae
1003 1095 1147 1185 librarii,
1173 1093 1236 1192 qui

262 1239 338 1288 cam
366 1217 652 1315 subscriptionem
669 1241 798 1294 temere
823 1245 843 1292 e
864 1220 996 1292 Codice
1018 1242 1061 1290 eo
1086 1214 1235 1310 repetiit,

261 1335 354 1407 unde
369 1337 485 1410 Taciti
513 1337 619 1412 libros
644 1337 889 1435 descripserat3
920 1335 1016 1433 cujus
1041 1334 1174 1433 generis
1200 1337 1236 1408 δι

260 1452 326 1526 alia
342 1458 504 1552 exempla
529 1455 705 1532 observata
724 1456 801 1532 sunt
822 1484 844 1530 a
867 1457 948 1531 viris
971 1454 1097 1544 doctis,
1122 1452 1237 1526 nomi·

260 1571 368 1646 natim
395 1575 582 1649 Salmalio:
610 1602 674 1650 nec
703 1579 793 1650 bene
816 1577 870 1650 vir
895 1577 1031 1662 doctus,
1063 1572 1100 1645 in
1127 1573 1238 1645 Novo

259 1692 377 1789 Opere
392 1693 551 1792 Diplom.
568 1697 614 1768 T.
634 1698 699 1785 Ill,
724 1721 857 1793 p.›279.
873 1694 968 1769 aliud
985 1691 1087 1791 hujus
1102 1690 1238 1790 generis

260 1814 464 1909 exemplum
493 1837 596 1914 negat
626 1815 779 1911 reperiri.
829 1817 888 1910 Jo.
915 1813 1061 1911 quidem
1088 1808 1238 1900 Gerson,

236 1929 299 2018 ⁸iu
323 1930 444 2005 libello
467 1935 505 2004 de
520 1935 610 2006 laude
625 1936 831 2032 scriptorum,
857 1933 894 2008 in
927 1929 1113 2030 principia,
1142 1954 1240 2026 quae·

263 2075 356 2142 rens,
385 2077 427 2122 an
455 2055 548 2124 liceat
573 2055 678 2124 diebus
687 2055 781 2150 festis
797 2051 938 2150 scribere
961 2054 1128 2123 devolionis
1147 2051 1241 2122 libros

256 2173 375 2266 gratis,
401 2193 653 2246 commemorat
671 2197 781 2270 genus
798 2172 979 2268 quoddam
1003 2167 1242 2258 scribentium,

265 2291 361 2386 quod
389 2293 538 2387 appellat
562 2292 739 2382 infimum,
764 2291 825 2389 qui
851 2293 988 2364 nullum
1017 2287 1154 2388 penitus
1180 2290 1243 2361 ha·

264 2409 367 2482 beant
392 2409 608 2483 intellectum
637 2435 879 2506 eorumquae
910 2408 1147 2500 transcribant,
1180 2407 1244 2507 qui

264 2532 356 2624 quast
375 2529 522 2625 pistores
539 2531 766 2626 appellentur.
818 2527 878 2624 (T.
896 2529 944 2600 ΙΙ.
970 2530 1055 2626 Opp.
1077 2550 1116 2625 p.
1138 2531 1241 2626 694)

271 2645 356 2743 Ejus
385 2648 519 2745 generis
551 2647 728 2745 scriptores
760 2674 842 2721 cum
874 2647 1007 2745 semper
1035 2647 1159 2721 suerint
1188 2649 1247 2721 vel

270 2765 486 2856 mercenarii,
512 2768 568 2838 vel
586 2766 774 2840 monachi:
809 2767 954 2840 nonest
978 2765 1192 2858 mirandum,
1219 2769 1244 2839 si

265 2885 411 2957 Codices
444 2887 541 2974 tales,
581 2885 690 2982 qualis
724 2885 782 2958 ille
809 2885 1028 2958 Florentinus
1052 2886 1113 2974 est,
1144 2884 1248 2958 multi

266 3001 347 3076 fatti
373 3001 466 3093 sunt,
493 3029 538 3080 ex
556 3003 664 3100 iisque
686 3004 876 3100 superstites
903 3003 980 3077 sunt
1008 3004 1146 3100 plures:
1182 3029 1248 3078 nec

270 3121 430 3196 dubitem
467 3123 614 3196 Codices
647 3121 827 3219 ejusmodi,
861 3121 972 3219 pictos
998 3121 1110 3218 magis
1143 3147 1250 3220 quant

269 3237 425 3338 scriptos,
454 3262 583 3332 extare,
611 3242 670 3338 qui
697 3243 802 3338 longe
818 3241 1027 3339 antiquiores
1043 3243 1249 3333 habeantur,

274 3385 380 3456 quam
406 3363 494 3434 sint:
522 3382 675 3434 ceterum
692 3363 760 3434 sinc
778 3359 908 3434 fraude.
957 3363 1038 3452 Sed,
1064 3381 1104 3434 ut
1129 3364 1248 3438 redea-

270 3503 347 3552 mus
363 3481 406 3552 ad
421 3481 551 3554 librum
564 3479 818 3569 Florentinum,
838 3479 977 3552 adeum
990 3480 1136 3577 primus,
1150 3486 1250 3580 quod

268 3597 415 3689 constet,
439 3599 593 3672 Pichena
615 3617 775 3672 accurate
800 3598 966 3672 recensuit
990 3603 1055 3672 hos
1069 3601 1183 3674 Taciti
1206 3603 1250 3674 li·

274 3717 367 3790 bros.
416 3719 513 3792 Nam
541 3717 723 3813 Juntinam
748 3717 938 3792 editionem
965 3717 1048 3791 anni
1074 3745 1085 3791 ι
1095 3743 1177 3817 527·
1204 3747 1251 3795 ex

269 3836 329 3909 illo
346 3836 436 3910 libro
462 3836 601 3934 aliquid
619 3837 701 3909 novi
725 3836 807 3910 boni
825 3837 1004 3933 accepisse,
1033 3861 1104 3910 non
1131 3841 1251 3932 crede,

272 3979 353 4028 cum
372 3960 458 4028 Ant.
475 3957 598 4028 Franc.
613 3955 843 4046 Varchiensrs,
868 3956 930 4054 qui
947 3956 978 4028 ei
1001 3956 1146 4030 editioni
1163 3985 1250 4056 prae·

273 4069 351 4164 suit,
376 4073 412 4148 in
428 4072 629 4172 prefatione
641 4074 729 4148 nihil
744 4075 841 4149 aliud
857 4097 1119 4169 commemoret,
1131 4103 1251 4176 quam,

709 4218 775 4268 aa
