3259 5284
355 588 424 661 282
572 579 1154 661 C.Conrtao11Tacrrr

356 760 385 799 “
401 752 530 852 scripti,
559 754 723 829 ultimum
740 755 850 855 Sejani
865 757 974 851 diem,
997 756 1055 833 sed
1071 758 1246 835 sexdecim
1269 785 1333 837 an·

355 880 384 919 ‘³
400 898 464 947 nos
492 875 750 975 cogitaveritia3
785 875 890 951 etiam
914 877 1063 951 Satrium
1093 898 1199 977 atque
1226 882 1333 955 Pom·

355 994 548 1095 “ponium
572 998 844 1071 venerabamur.
871 996 1001 1071 libertis
1018 1023 1160 1096 quoque
1182 1025 1224 1073 ac
1240 998 1333 1135 jani·

356 1121 386 1161 “
405 1113 590 1189 toribus
561 1140 635 1213 eJus
662 1113 852 1207 notescere,
882 1142 944 1214 pro
970 1118 1160 1215 magnifico
1187 1120 1335 1219 accipie·

355 1242 384 1283 “
402 1238 512 1311 batur.
562 1232 662 1330 Quid
685 1239 793 1333 ergo?
820 1234 1017 1311 indistincta
1036 1238 1112 1311 hac
1127 1235 1281 1313 defenso
1298 1243 1333 1314 dt

354 1352 593 1453 “promiscua
616 1354 816 1429 dabitur?
805 1381 917 1429 immo
933 1353 1035 1453 justis
1056 1356 1212 1431 terminis
1242 1358 1335 1432 divi·

356 1480 385 1519 “
402 1474 515 1549 datur.
564 1474 723 1549 Infidiae
714 1502 750 1549 tn
772 1474 1040 1572 rempublicam,
1065 1475 1206 1551 consilia
1227 1478 1334 1551 cadis

356 1598 384 1637 “
401 1594 587 1669 adversum
600 1596 877 1692 imperatorem,
907 1596 1112 1693 puniantur:
1139 1600 1185 1671 de
1213 1596 1332 1671 amici·

357 1720 385 1757 “
402 1713 448 1787 tila
473 1718 507 1788 tc
534 1714 670 1805 officiis,
702 1715 798 1791 idem
822 1714 901 1789 linia
918 1720 952 1789 δι
974 1735 1023 1807 te,
1048 1714 1172 1809 Caesar,
1206 1720 1240 1789 δι
1269 1742 1334 1790 noa

360 1838 390 1876 “
407 1833 631 1909 absolveritss’

402 1954 470 2029 IX.
495 1953 758 2031 Cousrnrrrra
797 1955 977 2047 orationis,
1008 1957 1151 2055 &quia
1178 1975 1333 2055 repertus

353 2093 448 2165 erat,
463 2072 525 2171 qui
540 2072 686 2164 efferret,
709 2100 787 2172 qua
805 2100 927 2149 omnes
943 2075 1062 2149 animo
1076 2076 1268 2175 agitabant,
1289 2074 1333 2150 ed

353 2191 461 2291 usque
489 2196 644 2291 potuere,
669 2213 708 2267 ut
735 2193 947 2269 accusatores
977 2192 1065 2291 ejus,
1093 2195 1222 2270 additis
1253 2220 1333 2295 quae
1387 2291 1391 2297 .

353 2312 434 2386 ante
451 2312 680 2409 deliquerant,
709 2313 842 2404 exfilio,
871 2334 931 2388 aut
959 2334 1069 2389 morte
1093 2316 1332 2391 multarentur.

354 2434 487 2507 Secutae
524 2431 650 2505 dehinc
677 2433 811 2507 Tiberii
836 2432 945 2507 literae
978 2433 1015 2507 in
1041 2436 1121 2508 Sex.
1150 2434 1332 2510 Vestiliurn

354 2550 570 2650 praetorium,
597 2578 718 2650 quem,
743 2552 859 2627 Druso
882 2552 976 2627 fratri
994 2579 1190 2651 percarum,
1218 2555 1257 2628 in
1272 2580 1333 2629 co·

353 2674 493 2746 hortem
515 2668 611 2747 suam
625 2673 857 2747 transtulerat.
905 2673 1016 2749 Causa
1030 2674 1227 2749 offenfionis
1248 2671 1332 2747 Ves-

353 2791 428 2865 tilio
452 2788 533 2883 fuit,
563 2789 621 2865 seu
647 2790 884 2890 composuerat
910 2796 1073 2891 quaedam
1097 2794 1136 2866 in
1160 2795 1204 2867 C.
1221 2794 1334 2868 Casa·

354 2938 443 3003 rem,
460 2933 499 2985 ut
516 2912 751 3011 impudicum,
770 2916 839 2987 srre
851 2916 935 2987 ficto
952 2914 1072 2987 habita
1088 2914 1175 2987 fides
1189 2940 1200 2986 r
1226 2933 1334 3011 atque

353 3035 403 3108 ob
434 3033 471 3106 id
498 3032 663 3108 convidu
690 3032 863 3130 Principis
886 3032 1096 3131 prohibitus,
1127 3034 1211 3107 cum
1236 3030 1333 3107 senili

353 3179 461 3227 manu
484 3150 614 3226 serrum
631 3152 838 3243 tentavisset,
867 3148 1039 3253 obligavit
1057 3177 1185 3227 venas:
1213 3178 1332 3251 preca·

354 3272 478 3371 rusque
521 3298 582 3371 per
622 3271 812 3362 codicillos,
849 3270 979 3345 immiti
1008 3269 1186 3369 rescripto,
1226 3296 1333 3347 venas

353 3390 502 3465 resolvit.
553 3390 754 3465 Acervatim
782 3418 828 3465 ex
855 3417 898 3465 eo
926 3391 1064 3466 Annius
1090 3391 1219 3482 Polli0,
1254 3396 1332 3487 Ap-

353 3509 432 3608 pius
458 3512 604 3601 Silanus,
634 3512 759 3585 Scauro
787 3514 974 3586 Mamerco
998 3514 1113 3605 simul,
1139 3538 1179 3587 ac
1205 3509 1334 3585 Sabino

352 3629 516 3721 Calvino,
559 3629 740 3731 majestatis
781 3631 1008 3728 postulantur,
1057 3635 1090 3704 δι
1132 3630 1334 3705 Vinicianus

353 3750 505 3825 Pollioni
521 3750 608 3849 patri
629 3748 867 3849 adjiciebatur,
893 3751 976 3824 clari
991 3776 1115 3850 genus,
1134 3756 1169 3825 dr
1187 3751 1333 3849 quidam

352 3868 494 3945 sumnus
535 3870 752 3944 honoribus:
794 3889 1144 3969 contremuerantque
1184 3890 1330 3968 patresz

354 4016 437 4068 nam
467 3987 736 4092 quotusquisque
767 3989 967 4083 adfinitatis,
1006 4009 1066 4065 aut
1092 3988 1253 4065 amicitia
1280 4007 1334 4063 tot
