3259 5284
506 561 809 630 Auunarnnr
841 558 952 629 Lrn.
985 557 1031 629 II.
1192 581 1257 656 117

293 733 461 825 “regem
474 726 649 802 Rhamsen
661 728 789 823 Libya,
811 728 1002 825 AEthiopid,
1026 726 1259 825 Medisque&

293 851 321 888 “
337 848 457 935 Persis,
471 843 710 936 &Bactrianm
723 870 763 919 ac
774 845 912 941 Scythia
922 847 1089 942 potitum;
1108 844 1260 942 quasque

294 970 321 1007 “
339 983 443 1036 terras
465 963 541 1048 Suri
562 962 792 1059 Armeniique
808 967 842 1035 δι
859 962 1015 1061 contigui
1031 964 1258 1060 Cappadoces

293 1090 321 1127 ‘⁴
338 1083 473 1172 colunt,
498 1082 581 1154 inde
601 1082 803 1177 Bithynum,
829 1081 911 1153 hinc
928 1082 1080 1178 Lycium
1102 1081 1146 1152 ad
1165 1105 1260 1154 mare

294 1199 484 1298 “imperio
509 1200 692 1274 tenuiffe:”
721 1202 927 1297 legebantur
944 1204 977 1272 ὅτ
992 1200 1119 1272 indicta
1147 1199 1258 1295 genri-

293 1322 358 1393 bus
381 1319 523 1408 tributa,
549 1320 685 1414 pondus
708 1319 841 1415 argenti
859 1322 892 1391 δι
907 1318 993 1406 auri,
1018 1341 1181 1391 numerus
1207 1341 1259 1389 ar-

293 1462 435 1511 morum
451 1461 704 1534 equorumque,
731 1442 765 1510 &
782 1438 874 1508 dona
885 1436 1022 1532 templis
1035 1437 1134 1525 ebur,
1156 1455 1261 1532 atque

293 1555 428 1650 odores,
454 1553 606 1652 quasque
622 1553 738 1650 copias
753 1553 916 1626 frumenti
932 1559 965 1627 &
984 1553 1140 1626 omnium
1162 1572 1260 1625 uten-

292 1672 404 1746 filium
420 1697 568 1770 quaque
584 1672 676 1745 natio
693 1673 867 1768 penderet,
893 1673 987 1744 haud
1000 1671 1112 1743 minus
1125 1671 1259 1768 magni·

293 1792 375 1882 fica,
401 1791 509 1887 quam
533 1816 625 1863 nunc
644 1790 679 1862 vi
696 1791 914 1881 Parthorum,
940 1812 999 1864 aut
1016 1787 1166 1888 potentia
1184 1792 1258 1862 Ro·

294 1911 398 1980 mand
405 1906 581 2005 jubentur.

341 2027 441 2098 LXI.
457 2027 652 2120 Caranum
670 2026 897 2100 Germanicus
913 2027 985 2100 aliis
1002 2052 1142 2124 quoque
1158 2025 1260 2098 mira-

293 2143 378 2217 culis
402 2143 550 2217 intendit
578 2145 748 2236 animum,
786 2170 937 2241 quorum
965 2145 1137 2241 praecipua
1165 2143 1263 2217 fuere

294 2261 499 2336 Memnonis
519 2261 618 2336 saxea
638 2263 780 2359 effigies,
810 2261 873 2335 ubi
894 2262 994 2334 radiis
1014 2262 1091 2334 solis
1110 2262 1178 2334 itta
1200 2261 1262 2351 est,

295 2381 454 2453 vocalem
474 2377 597 2453 sonum
611 2382 780 2453 reddens:
811 2373 1033 2477 disjcdasque
1047 2379 1135 2453 inter
1151 2383 1184 2452 dr
1201 2379 1263 2452 vix

295 2497 428 2594 pervias
444 2522 576 2586 arenas,
602 2497 705 2569 instar
717 2497 891 2570 montium
904 2498 1036 2570 edudae
1047 2496 1262 2592 Pyramides,

295 2615 479 2688 certamine
497 2621 530 2688 δι
547 2615 673 2711 opibus
690 2641 834 2712 regum:
862 2613 1038 2711 lacusque,
1064 2613 1183 2688 effossa
1198 2617 1262 2688 hu·

296 2759 371 2824 m0,
393 2733 631 2831 superfluentis
642 2733 717 2806 Nili
728 2734 967 2828 receptacula:
993 2731 1262 2828 atquealibian-

261 2874 263 2879 ·
297 2851 431 2950 gustiae,
457 2857 491 2925 δι
516 2850 688 2948 profunda
707 2850 868 2940 altitudo,
895 2851 996 2922 nullis
1016 2850 1265 2946 inquirentium

295 2967 408 3066 spatiis
426 2969 651 3067 penetrabilis.
686 2967 780 3041 Exin
796 2986 941 3040 ventum
960 2968 1212 3064 Elephantinen
1224 2996 1264 3048 ac

295 3089 443 3182 Syenen,
460 3087 602 3160 claustra
613 3087 699 3159 olim
712 3085 866 3159 Romani
878 3083 1038 3182 imperii3
1063 3087 1159 3186 quod
1170 3113 1264 3164 nunc

296 3209 441 3278 rubmm
456 3207 501 3279 ad
517 3231 610 3279 mare
627 3203 777 3301 patescit.

343 3325 460 3397 LXII.
486 3325 584 3396 Dunr
601 3349 643 3395 ea
658 3323 753 3396 astas
766 3323 976 3397 Germanico
987 3327 1102 3422 plures
1116 3350 1177 3421 per
1187 3351 1265 3423 pro-

297 3440 426 3515 vincias
438 3433 654 3538 transigitur,
679 3443 773 3514 haud
787 3444 864 3515 leve
879 3426 983 3516 decus
1000 3442 1128 3516 Drusus
1146 3449 1265 3540 quaefi-

297 3559 361 3648 vit,
386 3560 538 3634 inliciens
555 3563 746 3632 Germanos
761 3562 805 3632 ad
823 3559 1019 3650 discordias,
1038 3581 1160 3658 utque,
1178 3560 1266 3636 frac-

159 3769 162 3774 -
297 3695 335 3745 to
345 3673 420 3770 jam
436 3678 676 3766 Maroboduo,
701 3677 807 3773 usque
828 3678 865 3749 in
885 3679 1031 3751 exitium
1054 3678 1265 3754 insisteretur.

298 3793 382 3866 Erat
398 3793 485 3865 inter
502 3798 680 3867 Gothones
693 3793 962 3891 nobilisjuvenis
974 3795 1114 3892 nomine
1124 3799 1265 3872 Catual-

283 3909 357 3999 da,
386 3909 551 4012 profugus
572 3913 657 3989 olim
674 3913 709 3986 vi
725 3914 953 4006 Marobodui,
981 3921 1128 4006 &tunc,
1153 3917 1268 3996 dubiis

792 4033 809 4108 1
836 4058 855 4132 3
1236 4039 1240 4044 ’
