3259 5284
353 571 397 646 74
551 549 1148 630 C.ConunarrTnc1rr

349 723 441 800 subit
468 729 596 824 pudor,
636 729 932 828 “degeneravisse
962 731 1130 806 Parthos:
1177 731 1322 828 petitum

351 845 464 918 “alio
480 873 524 920 ex
541 851 625 922 orbe
653 875 771 947 regem
798 849 949 923 hostium
977 851 1108 924 artibus
1123 850 1290 926 infetlum
1310 879 1319 926 ε

259 977 262 983 ’
349 971 376 1007 “
387 963 464 1062 jam
492 967 581 1040 inter
597 968 791 1067 provincias
808 972 989 1042 Romanas
1004 969 1127 1042 solium
1140 969 1320 1046 Arsacida-

348 1091 377 1126 “
396 1111 475 1157 rum
489 1086 621 1175 haberi,
639 1087 796 1184 darique.
846 1088 921 1160 Ubi
948 1088 1044 1160 illam
1069 1089 1219 1186 gloriam
1247 1111 1320 1164 tru-

348 1209 377 1246 “
394 1205 585 1279 cidantium
613 1206 783 1296 Crassum,
820 1206 1080 1280 exturbantium
1108 1210 1319 1302 Antonium,

347 1330 375 1366 “
394 1324 646 1420 fimancipium
663 1324 813 1415 Caesaris,
837 1343 889 1398 tot
907 1351 967 1422 per
989 1351 1098 1398 annos
1121 1324 1318 1404 servitutem

346 1451 376 1487 “
393 1446 604 1541 perpessum,
642 1445 776 1516 Parthis
808 1443 984 1541 imperitet
1000 1446 1040 1517 ?'’
1093 1449 1319 1522 Accendebat

344 1563 631 1661 dedignantes&
655 1562 741 1660 ipse,
761 1563 913 1637 diversus
941 1590 962 1636 a
987 1562 1160 1662 majorum
1184 1565 1318 1639 institu-

344 1682 402 1772 tis,
443 1709 520 1756 raro
545 1703 684 1773 venatu,
715 1681 811 1781 segni
835 1709 1008 1781 equorum
1030 1687 1133 1770 curh;
1158 1684 1318 1781 quotiens

346 1827 407 1899 per
433 1803 536 1876 urbes
562 1801 751 1891 incederet,
775 1803 906 1876 ledicae
930 1803 1131 1901 gestamine,
1159 1803 1318 1902 fastuque

344 1946 429 2018 erga
455 1921 580 2017 patrias
614 1924 757 2018 epulas:
797 1922 1094 1996 inridebantur&
1119 1920 1233 1996 Graeci
1258 1949 1318 2012 co,-

343 2039 460 2128 mites,
499 2066 540 2112 ac
567 2040 723 2113 vilissima
745 2041 942 2114 utensilium
968 2043 1072 2115 anulo
1095 2040 1231 2115 clausa:
1258 2039 1317 2114 sed

344 2158 500 2256 prompti
535 2159 662 2251 aditus,
702 2160 808 2233 obvia
840 2161 1001 2252 comitas,
1033 2162 1161 2260 ignota
1180 2160 1318 2236 Parthis

343 2279 498 2370 virtutes,
531 2305 624 2351 nova
653 2279 761 2365 vitia;
800 2281 839 2352 sc
878 2280 959 2377 quia
983 2279 1135 2376 ipsorum
1163 2281 1316 2354 moribus

339 2398 463 2489 aliena,
489 2398 633 2496 perinde
654 2398 778 2471 odium
808 2399 922 2496 pravis
948 2404 982 2472 δι
1004 2399 1166 2472 honestis.

399 2521 463 2592 Ill.
497 2521 638 2591 Iorrun
669 2521 867 2591 Artabanus
903 2517 1147 2592 Arsacidarum
1183 2545 1203 2591 e
1238 2519 1315 2592 san-

341 2636 461 2737 guine,
492 2640 587 2734 apud
612 2639 730 2710 Dahas
753 2639 904 2727 adultus,
944 2637 1103 2724 excitur;
1130 2639 1315 2737 primoque

340 2758 525 2855 congressu
551 2755 656 2847 susus,
682 2776 818 2853 reparat
841 2757 944 2848 vires,
968 2783 1149 2854 regnoque
1172 2757 1313 2854 potitur.

340 2877 444 2949 Visho
467 2876 607 2948 Vononi
644 2875 843 2975 perfugium
884 2878 1051 2951 Armenia
1087 2875 1167 2968 fuit,
1205 2901 1315 2949 vacua

338 3015 437 3086 tunc,
467 2995 626 3093 interque
651 2997 859 3070 Parthorum
887 3001 921 3069 sc
948 2999 1126 3070 Romanas
1151 3021 1235 3092 opes
1259 2995 1314 3067 in·-

339 3118 426 3206 fida,
451 3118 499 3189 ob
526 3115 633 3187 scelus
658 3114 819 3204 Antonii,
843 3113 903 3211 qui
932 3113 1160 3204 Artavasden,
1194 3139 1314 3212 regern

339 3235 604 3323 Armeniorum,
627 3232 737 3329 specie
753 3231 914 3305 amicitiae
937 3232 1116 3322 inlestum,
1150 3232 1231 3305 dein
1256 3259 1313 3306 ca·

337 3352 425 3426 renis
438 3374 635 3440 oneratum,
655 3351 831 3448 postremb
848 3349 1074 3424 interfecerat.
1118 3351 1201 3450 Ejus
1223 3350 1314 3424 filius

337 3472 515 3563 Artaxias,
544 3470 714 3544 memoria
737 3470 840 3567 patris
865 3471 964 3544 nobis
988 3470 1150 3561 infensus,
1176 3467 1312 3544 Arsaci·

336 3593 460 3664 darum
483 3591 519 3663 vi
541 3589 646 3688 seque
669 3615 889 3688 regnumque
917 3609 1045 3662 tutatus
1069 3591 1127 3663 est.
1188 3590 1312 3664 Occiso

338 3709 483 3784 Artaxid
505 3736 566 3807 per
591 3711 715 3783 dolum
741 3710 1030 3808 propinquorum,
1064 3710 1164 3782 datus
1188 3737 1208 3783 a
1234 3711 1310 3782 Cae·

336 3829 408 3908 sare
436 3828 611 3902 Armeniis
632 3829 819 3927 Tigranes,
845 3828 1082 3927 deductusque
1106 3829 1142 3902 in
1160 3851 1309 3924 regnum

336 3977 358 4032 a
380 3947 527 4026 Tiberio
544 3949 700 4024 Nerone.
748 3949 827 4024 Nec
844 3949 990 4050 Tigrani
1016 3948 1221 4026 diuturnum
1242 3946 1309 4020 im·
