3259 5284
413 567 455 640 16
615 561 657 634 C.
689 562 965 636 Conutrrt
1000 563 1206 640 Tnerrr
1273 607 1277 614 -

406 757 549 832 Scaurus
567 756 650 854 quia
665 755 815 847 dixerat,
838 751 974 856 “spem
990 759 1058 832 effe
1083 785 1127 834 ex
1150 786 1192 834 eo
1208 783 1280 833 non
1296 757 1384 832 inri-

405 885 433 922 “
459 897 509 954 tas
525 875 597 950 sore
612 875 745 950 senatus
763 901 893 974 preces,
911 877 1008 975 qubd
1024 878 1182 952 relationi
1197 876 1384 952 consulum

405 995 529 1096 “jure
565 996 756 1070 tribunicia
794 997 965 1096 potestatis
1006 1021 1077 1070 non
1115 997 1385 1072 interceffiffetf

403 1119 446 1192 In
479 1116 665 1214 Haterium
698 1115 810 1189 statim
829 1117 985 1190 invectus
1012 1115 1084 1204 est;
1110 1116 1293 1208 Scau-um,
1322 1116 1384 1191 cui

403 1235 657 1336 implacabilius
674 1234 890 1326 irascebatur,
920 1234 1227 1310 filentiotranrisrt:
1260 1235 1382 1310 sessus-

404 1380 474 1456 que
491 1357 639 1429 clamore
654 1355 827 1446 omnium,
855 1353 1125 1454 expostulatione
1148 1357 1380 1454 smgulorum,

403 1476 501 1552 flexit
519 1473 714 1572 paullatim,
738 1499 808 1548 non
833 1496 873 1548 ut
890 1474 1051 1548 fateretur
1065 1471 1186 1573 suscipi
1210 1498 1232 1549 a
1254 1470 1287 1548 se
1307 1475 1380 1548 im·

402 1595 549 1694 perium,
577 1593 634 1667 sed
651 1614 691 1666 ut
707 1619 832 1692 negare
865 1597 899 1668 ἃ
928 1595 1039 1693 rogari
1055 1593 1230 1667 desineret.
1279 1595 1378 1668 Con-

401 1715 465 1790 stat
482 1713 682 1805 Haterium,
704 1715 785 1787 clun
801 1712 1009 1810 deprecandi
1026 1709 1124 1786 caut
1136 1711 1304 1808 palatium
1320 1712 1378 1787 in·

401 1834 542 1924 troisset,
556 1831 832 1930 ambulantisque
840 1832 973 1906 Tiberii
990 1857 1104 1930 genua
1119 1829 1377 1924 advolveretur,

402 1953 510 2052 prope
526 1977 547 2024 a
562 1951 734 2025 militibus
746 1949 979 2043 intersectum,
996 1948 1080 2048 quia
1094 1950 1258 2025 Tiberim
1282 1950 1377 2041 casu,

399 2095 445 2147 an
466 2074 625 2146 manibus
652 2071 723 2171 ejus
750 2071 951 2169 impeditus,
993 2071 1211 2168 prociderat:
1257 2091 1375 2168 neque

398 2211 516 2268 tamen
533 2192 685 2290 periculo
701 2189 776 2263 talis
802 2189 867 2263 viri
888 2187 1138 2288 mitigatusest,
1164 2189 1276 2263 donec
1292 2191 1373 2264 Ha·
1421 2228 1426 2244 ·

397 2313 502 2386 terius
528 2311 723 2409 Augustam
750 2329 873 2400 oraret,
900 2303 1039 2407 ejusque
1057 2306 1269 2382 curatiffimis
1293 2332 1372 2406 pre·

397 2431 496 2508 cibus
524 2443 819 2532 protegeretur*

444 2549 542 2624 XIV.
560 2549 714 2623 Muern
733 2567 869 2645 patrum
887 2545 973 2644 &in
992 2545 1188 2645 Augustam
1203 2545 1371 2621 admatio.

398 2669 471 2746 Alii
496 2681 672 2768 parentent,
699 2666 757 2740 alii
785 2682 915 2740 matrem
944 2671 1065 2764 patriae
1100 2665 1371 2764 adpellandam

397 2788 553 2888 plerique
585 2807 624 2860 ut
652 2785 784 2860 nomini
824 2785 961 2861 Caesaris
993 2781 1247 2877 adscriberetur,
1271 2785 1376 2879 Juliae

387 2909 492 3000 filius,
526 2905 717 2980 censebant.
766 2905 831 2979 Ille
863 2907 1139 2978 “moderandos
1164 2902 1373 2982 seminamur

400 3033 429 3071 ‘⁴
447 3027 632 3117 honores‚''
658 3023 832 3116 diffitens,
861 3031 891 3068 “
907 3025 1102 3122 eademque
1126 3024 1161 3096 se
1174 3009 1370 3122 temperanss

397 3153 425 3190 ‘⁴
443 3145 490 3220 tia
507 3138 699 3240 usurumib
716 3143 783 3216 hiet
798 3166 877 3240 quae
893 3144 954 3216 srbi
970 3141 1200 3216 tribuerentur
1212 3143 1251 3231 ;”
1277 3167 1369 3219 cete·

396 3267 473 3338 rum
490 3265 617 3338 anxius
630 3261 774 3352 invicsri,
803 3267 838 3335 &
855 3261 1024 3335 muliebre
1044 3261 1218 3360 fastigium
1246 3263 1283 3338 in
1308 3268 1370 3340 de-

395 3375 693 3472 minutionemsui
706 3381 892 3480 accipiens,
926 3406 971 3454 ne
998 3379 1155 3455 lictorem
1171 3381 1315 3480 quidem
1338 3386 1371 3459 ei

370 3501 533 3576 ·decemi
565 3501 678 3600 pafl‘us
710 3499 782 3574 est:
814 3525 979 3598 aramque
1004 3501 1213 3598 adoptionis,
1237 3505 1272 3576 ὅτ
1304 3503 1370 3578 alia

394 3619 631 3722 hujuscemodi
677 3608 865 3718 prohibuit.
925 3626 977 3694 At
1003 3621 1214 3695 Germanico
1246 3623 1369 3698 Caesari

395 3740 632 3840 proconsulare
648 3740 834 3838 imperium
851 3724 988 3838 petivit,
1008 3740 1166 3840 missique
1186 3741 1290 3841 legati
1307 3744 1370 3841 qui

391 3860 574 3950 deser'rent,
593 3845 693 3932 fimul
719 3860 914 3934 maestitiam
942 3859 1013 3959 ejus
1029 3861 1077 3933 ob
1093 3861 1270 3936 excessum
1292 3867 1370 3936 Au-

395 3979 484 4080 gusti
499 3977 695 4054 solarentur.
744 3979 943 4078 Qrominus
963 3978 1059 4056 idem
1074 4003 1138 4079 pro
1165 3981 1279 4058 Druso
1303 4009 1368 4084 po·
