3259 5284
517 648 827 719 Annrrrun
853 643 966 717 Lis.
991 642 1054 716 IV.
1202 665 1268 715 211

297 816 415 908 sunus,
438 814 590 914 effigiem
605 815 702 912 apud
718 813 834 889 sonim
851 813 1016 913 Augusti,
1047 811 1187 911 publici
1213 836 1274 909 pe-

296 935 400 1009 cunis
428 954 542 1032 patres
570 935 779 1021 decrevdre3
808 936 903 1032 apud
933 959 1020 1031 quos
1057 932 1162 1006 etiarn
1196 950 1275 1005 tum

295 1055 422 1128 cunda
437 1056 689 1127 tractabantur:
713 1052 805 1143 adei>
821 1071 859 1127 ut
877 1072 1075 1151 procurator
1092 1056 1182 1125 Aliae
1198 1054 1273 1125 Lu·

293 1175 395 1248 cilius
422 1174 564 1272 Capito,
583 1174 765 1249 accusante
791 1172 984 1270 provincis,
1015 1170 1153 1245 causam
1192 1170 1273 1243 dix-

294 1293 374 1383 erit,
405 1296 534 1391 magna
566 1318 649 1367 curn
672 1291 929 1367 adseveratione
953 1289 1135 1385 Principis,
1163 1296 1273 1361 “non

297 1420 324 1456 “
342 1411 376 1487 se
390 1412 448 1511 jus
469 1414 530 1487 nifi
548 1413 585 1487 in
601 1412 751 1504 servitia,
776 1417 810 1485 δι
828 1411 991 1509 pecunias
1009 1406 1193 1482 familiares
1211 1410 1273 1479 de·

296 1536 325 1574 “
339 1532 451 1605 disse:
483 1531 625 1630 quddsr
650 1531 725 1605 vim
753 1530 909 1627 praetoris
932 1527 1132 1625 usurpasset,
1162 1523 1274 1599 mani·

296 1648 478 1747 “busque
504 1651 658 1725 militum
673 1647 753 1723 usus
768 1647 870 1737 soret,
901 1646 1011 1745 spreta
1038 1646 1075 1720 in
1104 1672 1147 1720 eo
1173 1670 1272 1719 man-

297 1772 426 1842 “data
449 1768 529 1842 sua:
559 1769 717 1841 audirent
742 1765 889 1840 socios.’'
937 1770 989 1841 lta
1010 1791 1102 1855 reus,
1127 1763 1274 1862 cognito

297 1886 454 1983 negotio,
477 1888 670 1959 damnatur.
719 1888 781 1959 Ob
797 1910 905 1983 quarn
922 1885 1106 1975 ultionem,
1133 1889 1166 1957 &
1192 1884 1274 1981 quia

296 2005 412 2103 priore
434 2030 529 2077 anno
552 2004 589 2077 in
612 2007 657 2078 C.
680 1999 836 2077 Silanum
864 2003 1081 2077 vindicamur
1102 2022 1186 2093 erat,
1211 2004 1273 2076 de·

294 2124 435 2197 crevsre
452 2127 543 2199 Afiae
560 2124 663 2199 urbes
688 2124 903 2220 “templum
928 2122 1074 2197 Tiberio
1102 2122 1274 2220 matrique

298 2248 327 2285 “
344 2240 431 2338 ejus,
466 2269 507 2317 ac
541 2240 724 2317 senatui.”·
777 2244 825 2315 Et
859 2241 1059 2339 permissum
1099 2240 1270 2315 statuere:

294 2361 440 2461 egitque
455 2365 556 2437 Nero
574 2383 687 2462 grates
703 2366 744 2437 ea
758 2365 862 2438 causa
879 2361 1033 2459 patribus
1055 2381 1161 2461 atque
1189 2386 1272 2449 avo,

293 2483 387 2556 latas
415 2482 504 2557 inter
527 2482 742 2561 audientium
771 2481 997 2573 adfectiones,
1032 2481 1108 2578 qui,
1144 2480 1271 2555 recenti

293 2601 464 2676 memoria
490 2602 704 2693 Germanici,
742 2602 844 2675 illum
878 2600 997 2698 aspici,
1025 2601 1128 2677 illum
1159 2600 1272 2674 audiri

293 2722 483 2794 rebantur:
509 2722 725 2818 aderantque
736 2719 860 2818 juveni
878 2719 1060 2809 modestia,
1085 2746 1125 2793 ac
1143 2718 1270 2810 forma,

295 2837 450 2935 principe
477 2838 555 2912 viro
585 2839 709 2937 digna,
744 2839 835 2912 notis
857 2840 892 2911 in
920 2862 1003 2913 eum
1030 2836 1141 2936 Sejani
1165 2840 1269 2931 odiis,

292 2960 343 3031 ob
368 2957 562 3054 periculum
588 2959 747 3055 gratiora.

343 3079 541 3151 xv1.5un
569 3077 665 3150 idem
698 3099 836 3176 tempus
874 3086 901 3124 “
926 3082 972 3153 de
998 3081 1139 3156 llamine
1161 3080 1270 3171 Diali,

294 3202 324 3241 “
341 3195 377 3267 in
400 3198 521 3269 locum
537 3195 647 3271 Seruii
662 3198 915 3297 Maluginensis
932 3199 1088 3274 defundi
1105 3200 1271 3297 legendo,

294 3318 441 3389 “simul
468 3317 627 3412 roganda
665 3322 759 3390 noval
802 3319 923 3417 lege,''
964 3319 1118 3394 disseruit
1146 3320 1270 3397 Caesar.

293 3442 321 3477 “
339 3437 437 3509 Nam
461 3435 620 3533 patricios
648 3434 871 3511 confarreatis
900 3440 1099 3538 parentibus
1117 3440 1269 3539 genitos,

293 3562 408 3629 “tres
436 3556 538 3628 simul
565 3556 753 3647 nominari,
780 3582 825 3631 ex
855 3560 934 3656 quls
967 3585 1057 3633 unus
1085 3561 1270 3658 legeretur,

294 3680 321 3716 “
340 3674 474 3747 vetusto
487 3700 609 3761 more;
640 3702 755 3775 neque
771 3678 899 3769 adesse,
923 3697 963 3751 ut
987 3679 1088 3770 olim,
1114 3706 1192 3754 eant
1210 3708 1270 3755 co-

293 3797 321 3834 “
340 3790 448 3887 pianr,
496 3795 621 3869 omissa
665 3795 905 3881 confarreandi
937 3798 1175 3892 adsuetudine,
1211 3824 1271 3875 aut

295 3916 324 3953 ‘⁴
342 3909 432 3985 inter
449 3938 580 4009 paucos
596 3920 752 3989 retenta:
776 3916 959 4015 pluresque
976 3916 1047 4016 ejus
1066 3920 1112 3993 rei
1130 3922 1271 3995 cansas”

290 4026 492 4125 adferebam
523 4040 551 4077 “
565 4035 790 4133 potissimam,
809 4062 915 4135 penes
931 4038 1098 4119 incuriam
1116 4041 1271 4121 virorum

755 4158 782 4228 P
812 4183 832 4233 2
