3259 5284
502 548 799 623 Auusnrou
835 545 945 616 Lrs.
978 543 1024 615 V.
1156 543 1225 640 267

311 725 392 801 Vll.
431 720 548 797 Tuuc
593 722 758 819 singulos,
805 738 846 793 ut
891 717 1018 815 cuique
1056 714 1226 807 adsistere,

253 843 398 941 adloqui
431 840 567 915 animus
604 858 690 932 erat,
734 838 897 927 retinens,
941 856 1002 911 aut
1033 836 1226 926 diorimns,

259 982 395 1063 partem
416 960 485 1035 dici
516 958 726 1057 absumpsit3
755 960 940 1055 multoque
968 957 1084 1031 adhuc
1116 973 1226 1045 coetu,

255 1090 291 1159 δι
331 1080 465 1157 cunetis
499 1078 712 1176 intrepidum
756 1079 896 1153 vultum
932 1074 1004 1173 ejus
1043 1073 1226 1173 spectanti-

252 1206 334 1293 bus,
362 1203 444 1277 cum
459 1199 627 1298 superesse
646 1218 785 1296 tempus
814 1195 1004 1271 noviffimis
1033 1196 1226 1285 crederent,

252 1321 386 1422 gladio,
416 1346 524 1420 quem
554 1322 627 1393 sinu
656 1318 851 1406 abdiderat,
879 1314 1049 1390 incubuit.
1098 1316 1229 1411 Neque

126 1507 128 1511 ,
250 1440 362 1516 Caesar
388 1440 468 1515 ullis
496 1438 713 1528 criminibus,
749 1455 810 1511 aut
843 1435 991 1533 probris,
1023 1432 1228 1516 defunctum

249 1560 429 1635 infestabis
452 1559 516 1649 est,
541 1557 625 1632 cirm
641 1557 678 1631 in
699 1554 845 1633 Blaesum
861 1557 972 1628 multa
992 1552 1157 1651 foedaquc
1172 1552 1227 1626 in·

250 1678 441 1755 cusaviffet.

298 1800 395 1872 VIII.
422 1801 628 1873 Rnnnrunr
653 1796 735 1871 inde
758 1799 804 1871 de
819 1800 860 1870 P.
877 1796 1035 1887 Vitellio,
1065 1799 1099 1869 δι
1118 1798 1227 1869 Porn-

251 1915 358 2015 ponio
375 1918 555 1991 Secundo:
583 1917 684 1991 illurn
706 1916 837 1991 indices
854 1918 1059 2014 arguebant,
1086 1921 1115 1957 “
1131 1916 1227 1989 clam

251 2041 281 2080 “
298 2034 365 2108 stra
379 2036 501 2127 aerarii,
526 2037 582 2111 cui
606 2033 785 2134 praeseslus
801 2054 886 2126 erat,
909 2039 944 2109 δι
961 2033 1145 2107 militarem
1166 2060 1229 2132 pe-

250 2161 279 2201 “
297 2155 436 2229 cuniam
452 2158 554 2230 rebus
575 2155 675 2230 novis
692 2154 897 2229 obtubffe:’'
914 2151 995 2227 buic
1012 2179 1033 2227 a
1049 2154 1228 2244 Considio,

251 2278 402 2373 praeturb
429 2274 565 2366 funslo,
598 2272 834 2373 objosiabatur
863 2280 892 2316 “
907 2272 997 2348 AElii
1019 2273 1114 2348 Galli
1141 2272 1229 2349 ami·

249 2401 279 2441 “
298 2394 378 2470 citia
402 2394 477 2493 qui,
505 2392 628 2492 punito
657 2390 792 2491 Sejano,
821 2391 859 2467 in
883 2396 1000 2465 hortos
1023 2391 1227 2489 Pomponii,

250 2521 280 2560 “
297 2519 391 2613 quasi
422 2514 623 2588 fidiffnnum
655 2514 701 2585 ad
731 2511 935 2602 subsidium,
974 2509 1176 2609 perfugisset
1191 2513 1230 2584 ε’*

248 2657 363 2731 neque
382 2633 477 2707 aliud
501 2631 769 2729 periclitantibus
793 2630 928 2721 auxilii,
959 2630 1069 2728 quim
1096 2630 1133 2703 in
1161 2630 1228 2705 sra-

247 2768 341 2825 trum
367 2750 558 2825 constantii
586 2748 665 2841 fuit,
689 2750 751 2848 qui
780 2750 886 2824 vades
912 2750 1098 2824 exstitere:
1125 2776 1241 2843 mox,

246 2868 373 2945 crebris
401 2869 664 2966 prolationibus,
689 2868 787 2966 spem
810 2895 850 2943 ac
872 2889 1007 2943 metum
1023 2867 1127 2967 juxti
1151 2895 1228 2965 gra,

247 2990 346 3064 vatus
367 2988 542 3079 Vitellius,
562 2987 672 3087 perito
691 3014 753 3085 per
769 2987 917 3086 speciem
933 2988 1125 3063 studiorum
1142 2986 1227 3062 scal-

247 3134 324 3207 pro,
355 3110 470 3181 levem
498 3108 607 3183 isium
630 3108 729 3183 venis
757 3108 888 3199 intulit,
917 3108 1098 3206 vitamque
1126 3109 1227 3208 aegri.

249 3226 372 3301 tudine
387 3227 494 3301 animi
518 3227 642 3303 finivit.
693 3232 743 3301 At
766 3229 996 3325 Pomponius,
1022 3230 1133 3303 mults
1149 3256 1227 3303 mo,
1292 3255 1296 3263 ·

246 3371 327 3420 rum
344 3347 529 3445 elegantis,
552 3350 586 3421 tc
612 3347 755 3446 ingenio
771 3347 917 3439 inlustri,
942 3349 1031 3421 dum
1048 3349 1228 3428 adversam

244 3464 422 3540 fortunam
439 3492 560 3564 aequus
577 3468 714 3557 tolerat,
737 3466 882 3541 Tiberio
907 3466 1070 3565 superstes
1085 3467 1162 3544 suit.
1213 3464 1219 3476 ³

294 3585 359 3657 IX.
386 3587 604 3660 Pnncrrunr
636 3586 794 3684 posthac,
832 3587 973 3661 “utin
995 3588 1146 3687 reliquos
1167 3592 1227 3665 Se-

246 3708 274 3760 ‘-‘
284 3700 359 3799 jani
387 3704 514 3778 liberos
551 3704 783 3779 adverteretur
794 3708 833 3793 ;”
867 3707 1069 3782 vanescente
1102 3734 1226 3807 quam,

245 3844 352 3916 quam
382 3822 491 3918 plebis
509 3824 571 3913 irs,
599 3849 640 3898 ac
657 3824 827 3924 plerisque
844 3852 905 3923 per
928 3826 1044 3925 priora
1060 3826 1228 3925 supplicia

244 3937 370 4025 lenitis.
432 3940 544 4039 Igitur
565 3962 749 4043 portantur
764 3944 800 4023 in
818 3969 1007 4036 carcerem,
1047 3946 1138 4022 filius
1160 3947 1227 4023 im,
