3259 5284
1178 598 1269 675 xxiii

286 771 574 872 commodit'rsque
587 773 642 848 =in
668 774 786 847 lucem
813 771 941 846 iterum
965 765 1085 842 emiffa
1108 753 1270 834 Dublinii

287 919 379 968 anno
407 915 618 968 ntnccxxx.
645 891 796 966 'Praesto
815 888 913 966 fuere
940 909 1017 962 tum
1037 898 1200 976 excerpta
1223 896 1269 950 ex

289 1015 373 1088 Mff.
389 1011 507 1113 Regio
537 1017 572 1086 dt
601 1011 819 1102 Florentino,
845 1030 923 1083 turn
952 1006 1024 1082 Ms.
1053 1002 1182 1089 codex,
1207 993 1271 1092 qui

290 1131 376 1206 olim
402 1132 588 1230 Rudolphi
607 1132 783 1231 Agricolae
808 1130 931 1204 fuerat.
982 1127 1028 1200 Ei
1050 1145 1169 1198 tamen
1193 1117 1272 1213 plus

291 1277 392 1350 aequo
416 1252 535 1325 tribuit
562 1250 738 1348 Rycltius,
768 1250 851 1323 citm
878 1248 934 1321 ille
959 1247 1073 1320 codex
1098 1263 1171 1312 non
1196 1253 1271 1306 tant

290 1389 442 1443 veterem
457 1369 672 1468 scripturam,
703 1369 812 1467 quim
827 1368 895 1442 viri
920 1363 1046 1440 eruditi
1061 1356 1274 1471 conjcdturas

292 1487 478 1562 contineat.

339 1607 552 1682 Christianus
568 1611 798 1698 Hnorarns,
828 1611 1037 1696 Germanus,
1055 1601 1142 1675 nihil
1156 1629 1274 1701 opera
1386 1589 1387 1592 ¹

294 1729 329 1801 in
348 1730 568 1802 emendando
584 1728 727 1820 Tacito,
756 1726 860 1802 nirnis
876 1725 912 1797 in
937 1723 1148 1820 explicando
1165 1725 1276 1797 collo·

296 1847 387 1920 cavit
404 1847 530 1945 Lipstae
550 1871 643 1921 anno
657 1870 853 1922 Muccxrtr.
904 1847 999 1916 Eunt
1016 1841 1111 1914 enim
1132 1841 1179 1915 ita
1205 1843 1275 1916 rni-

295 1966 445 2040 nutatim
457 1968 635 2065 explanat,
649 1985 688 2040 ut
705 1966 872 2039 ledorent
888 1961 1012 2061 fatiget
1027 1958 1154 2060 magis,
1167 1961 1277 2058 quam

296 2083 435 2183 dirigat.

344 2206 501 2298 Jacobus
524 2207 778 2294 Gnonovtus,
807 2200 952 2297 Joannis
969 2199 1145 2276 Frederici
1170 2200 1276 2290 filins,

297 2343 478 2420 paternam
498 2323 690 2396 editionem
716 2347 797 2396 cum
814 2323 900 2394 Mff.
925 2319 1132 2394 Florentinis
1153 2343 1277 2417 recog·

296 2441 421 2531 uitam,
466 2440 600 2540 suisque
633 2447 668 2516 dc
706 2440 893 2514 Variorum
932 2439 1024 2513 notis
1062 2440 1281 2514 cumulatam

299 2563 405 2656 praelo
424 2579 618 2657 paraverat,
647 2561 730 2636 ciam
746 2579 860 2633 morte
876 2560 1089 2657 interceptus
1111 2559 1160 2632 est
1187 2585 1281 2634 anno

300 2700 492 2754 ntnccxvr.
542 2678 651 2752 Filius
678 2678 749 2778 ejus
775 2680 955 2752 Abraham
979 2677 1181 2750 Gronovius
1201 2703 1280 2751 eam

299 2800 336 2871 T
337 2793 452 2895 rajedli
481 2799 525 2871 ad
550 2801 717 2872 Rhenum
735 2823 829 2871 anno
853 2821 1033 2871 nrnccxxt
1061 2795 1278 2892 publicavit:
1308 2825 1312 2830 ·

301 2913 406 3016 patris
423 2916 599 2990 memorie
622 2915 853 3007 consulturus,
880 2923 904 2990 ss
927 2915 1087 2989 convicia
1114 2913 1280 2988 adversita

300 3033 496 3132 Rycltium,
512 3035 647 3134 aliaque
665 3037 776 3110 multa
791 3036 927 3109 emdito
940 3035 1017 3108 viro
1030 3032 1175 3130 indigna
1189 3032 1281 3104 omi·

301 3157 399 3228 saliet.
450 3156 510 3228 Ad
530 3155 646 3252 operis
662 3158 793 3229 calcem
816 3155 963 3253 reperite
979 3153 1028 3228 est
1050 3151 1161 3225 varias
1182 3149 1282 3247 quas·

300 3275 386 3348 dam
415 3274 578 3348 ledtiones
617 3299 663 3348 ex
691 3273 779 3378 Mn:-
808 3273 990 3349 codicibus
1021 3271 1211 3347 Bodleiano
1247 3277 1284 3350 dt

302 3393 554 3468 Arundelliano
570 3413 761 3492 excerptas.

352 3516 505 3609 Joannes
530 3515 710 3611 Augustus
743 3513 965 3602 Ennnsror,
1001 3516 1212 3603 Germanus,
1248 3514 1286 3587 in

305 3634 466 3707 eamdem
479 3633 804 3730 palaestramLipsrae
815 3631 974 3729 proceffit
983 3657 1076 3705 anno
1088 3657 1284 3716 Moccu113

307 3757 341 3826 lt
358 3753 550 3826 maximam
567 3751 642 3850 post
656 3749 817 3847 Lipsrum
839 3750 979 3822 laudem
997 3749 1199 3825 consecutus
1226 3751 1286 3825 est.

303 3875 345 3946 In
369 3869 588 3947 conferendis
613 3872 707 3944 enim
724 3868 897 3944 veteribus
924 3867 1135 3942 editionibus
1156 3874 1190 3942 dr
1215 3868 1287 3942 Ms.

305 3992 429 4067 codice
446 3989 719 4088 Guelferbytano
743 4013 822 4064 acer
839 3992 873 4064 δι
889 3988 1054 4088 diligens,
1080 3989 1289 4084 multaque

707 4111 731 4184 b
756 4135 781 4200 4
