3259 5284
546 592 854 664 animun
890 592 1004 666 L1a.
1030 594 1058 666 Ι.
1247 619 1293 698 37

316 761 486 861 “quibus
514 779 587 838 tam
615 761 766 862 projeda
791 758 926 840 senatus
955 764 1161 841 auctoritas:
1187 768 1293 843 hosti-

312 889 342 926 “
353 909 415 958 mn
431 908 573 982 quoque
591 881 666 982 jus,
695 889 729 958 δι
746 883 839 959 sacra
859 885 1055 984 legationis,
1086 889 1120 958 a
1137 885 1187 960 fas
1204 914 1291 986 gen-

313 1003 444 1080 “tium
460 1002 607 1102 mpistis.
657 1004 772 1079 Divus
789 1004 903 1100 Julius
928 1003 1133 1080 seditionem
1158 1008 1289 1084 exerci-

313 1129 343 1167 “
355 1125 411 1196 tds
440 1126 548 1198 verbo
576 1150 648 1199 uno
675 1123 904 1222 compescuit,
935 1127 1084 1226 ‚Quirites
1111 1129 1287 1220 vocando,

312 1243 416 1342 “qui
432 1241 682 1320 sacramentum
697 1241 769 1342 ejus
785 1247 1030 1320 deueaabant.
1061 1243 1195 1320 'Divus
1212 1251 1288 1321 Au-

312 1370 342 1406 “
354 1364 485 1462 gustus,
515 1366 616 1439 vultu
643 1369 677 1438 &
703 1364 842 1462 aspedlu
860 1363 1021 1439 Adiacas
1047 1363 1201 1462 legiones
1227 1391 1289 1440 ex-

311 1489 340 1526 “
354 1484 494 1558 tenuit:
524 1510 603 1575 nos,
641 1505 680 1558 ut
707 1487 867 1558 nondum
892 1483 1045 1575 eosdem,
1070 1483 1119 1556 ita
1146 1509 1192 1558 ex
1221 1485 1288 1559 illis

312 1607 342 1644 ‘⁶
355 1622 462 1693 ortos,
490 1606 515 1676 fi
536 1603 716 1702 Hispania
742 1604 892 1701 Syriaeve
918 1603 1017 1678 miles
1046 1602 1289 1700 aspernatam,

313 1726 471 1796 “tamen
496 1723 623 1798 mirum
651 1729 685 1798 δι
711 1723 899 1822 indignum
925 1743 1018 1800 erat:
1052 1721 1222 1820 primane,
1254 1729 1288 1800 δι

314 1845 344 1884 “
357 1840 520 1916 vicesima
536 1843 705 1941 legiones,
735 1842 796 1918 illa
812 1843 914 1943 lignis
927 1869 947 1916 a
961 1841 1108 1917 Tiberio
1123 1843 1289 1941 acceptis,

311 1965 394 2034 “tu
409 1979 462 2036 tot
479 1955 682 2059 proeliomm
697 1961 801 2053 socia,
820 1982 873 2036 tot
890 1961 1040 2062 praemiis
1057 1962 1173 2053 auda,
1191 1989 1289 2062 egre·

312 2079 449 2178 “giam
474 2081 558 2156 duci
585 2081 697 2157 veſtro
725 2081 872 2181 gratiam
904 2079 1062 2156 refertis?
1097 2082 1192 2158 hunc
1221 2107 1290 2180 ego

309 2200 518 2276 “nuntium
550 2201 653 2299 patri,
688 2203 766 2276 laeta
792 2201 912 2276 omnia
938 2200 1014 2276 aliis
1046 2225 1067 2274 e
1100 2201 1288 2299 provinciis

312 2325 342 2363 “
354 2320 524 2412 audienti,
550 2318 688 2395 feram?
722 2321 825 2420 ipfius
852 2320 994 2412 tirones,
1025 2321 1129 2419 ipsius
1157 2341 1289 2396 vetera-
1361 2341 1364 2356 ·

312 2445 342 2484 “
354 2467 433 2532 nos,
461 2467 535 2515 non
561 2441 732 2532 miffione,
766 2467 838 2516 non
865 2441 1011 2538 pecun'a
1035 2440 1194 2516 satiatos:
1230 2443 1291 2518 hle

312 2561 491 2637 “tantum
514 2561 663 2636 interfici
676 2560 909 2650 cennuiones,
937 2559 1014 2659 ejici
1030 2559 1202 2652 tribunos,
1236 2561 1290 2634 in-

313 2685 343 2722 “
355 2681 451 2754 cludi
467 2681 622 2778 legatos:
650 2679 778 2754 infecla
793 2679 960 2778 sanguine
977 2677 1093 2769 castra,
1122 2680 1287 2755 flumina:

314 2804 484 2897 “meque
515 2799 702 2898 precedam
733 2799 888 2874 animam
921 2799 1010 2872 inter
1040 2796 1189 2872 infensos
1222 2813 1289 2878 tra·

315 2925 346 2963 “
358 2920 490 2995 here?'’

360 3037 496 3115 XLIII.
524 3046 552 3083 “
565 3041 652 3116 Con
677 3065 781 3114 aum
807 3038 921 3137 primo
935 3039 1110 3116 concionis
1135 3037 1206 3129 die,
1224 3037 1290 3112 fer-

314 3164 435 3234 “rum
458 3160 545 3235 illud
565 3162 661 3259 quod
683 3158 813 3257 pectori
836 3184 916 3234 meo
940 3159 1084 3258 infigere
1108 3161 1288 3258 parabam,

315 3283 344 3325 “
355 3279 562 3356 detraxistis?
576 3283 613 3354 Ο
627 3277 815 3377 improvidi
832 3279 949 3354 amici!
978 3280 1149 3354 melius&
1167 3305 1287 3354 aman·

314 3403 345 3441 “
357 3397 510 3489 clusine,
524 3398 585 3497 qui
596 3399 754 3500 gladium
771 3399 950 3474 offerebat:
970 3399 1166 3474 cecidillem
1177 3399 1285 3490 certe,

314 3522 343 3559 “
357 3519 516 3593 nondum
530 3539 585 3592 tot
601 3519 813 3616 flagitionnn
830 3517 996 3592 exercitui
1013 3543 1093 3594 meo
1110 3519 1286 3594 conscius:

314 3642 345 3678 “
358 3637 522 3736 legiffetis
554 3641 697 3728 ducem,
731 3638 792 3736 qui
825 3665 941 3714 meam
966 3638 1113 3735 quidem
1139 3658 1289 3712 mortem

314 3755 567 3854 “impunitam
587 3761 721 3847 lineret,
751 3755 834 3831 Vari
855 3778 973 3832 tamen
995 3761 1028 3832 δι
1051 3757 1155 3832 trium
1178 3758 1289 3855 legio·

314 3879 344 3917 “
357 3901 443 3950 num
466 3877 694 3954 ulcisceretur.
743 3877 874 3974 Neque
901 3876 996 3952 enim
1023 3876 1073 3950 dii
1102 3880 1223 3966 fiuant,
1249 3895 1289 3948 ut

316 4000 345 4041 “
358 3997 556 4096 Belgarum,
585 4022 800 4171 quamqupp
818 3995 1052 4088 offerentium,
1078 3997 1185 4072 decus
1201 3993 1290 4070 istud

806 4121 827 4192 3
