3259 5284
355 567 470 620 xxxiv

404 715 472 790 Sed
495 734 589 808 ante,
619 737 727 817 quam
745 720 790 792 td
807 738 935 794 ceteras
957 719 1193 798 Frobenianns
1216 719 1341 796 editio·

355 857 418 910 nes
435 839 657 929 accedamus,
686 838 947 938 interponamus
963 839 1098 938 aliquid
1119 840 1166 915 de
1189 842 1344 918 editione

353 952 506 1051 firmino,
525 961 690 1032 Fumone
713 985 744 1033 a.
768 947 872 1057 15'27.
895 963 929 1032 8.
956 956 1071 1032 fasta:
1102 958 1201 1058 cujus
1217 985 1339 1037 exem-

354 1077 457 1173 plum
475 1077 552 1176 post
573 1079 764 1154 editionem
791 1079 943 1153 nostram
967 1078 1132 1179 primam,
1159 1105 1181 1152 e
1208 1080 1340 1155 Biblio-

352 1195 455 1270 theca
480 1197 722 1274 Schwarzitnn
737 1199 774 1274 in
795 1198 947 1272 nollmm
973 1197 1081 1272 venit.
1131 1198 1195 1272 Est
1221 1218 1340 1274 autern

351 1333 469 1392 textus
485 1318 651 1412 Juntinus
665 1317 796 1394 sumtus
812 1342 833 1391 e
847 1317 1065 1409 Beroaldina,
1083 1315 1181 1416 cujus
1194 1323 1229 1393 ὅτ
1247 1344 1337 1416 prae·

350 1431 437 1508 satio
460 1437 605 1535 repetita
629 1437 678 1514 est
701 1463 785 1512 cum
807 1437 938 1524 notulis
964 1437 1001 1511 in
1027 1437 1134 1511 libros
1162 1436 1335 1538 quinque,

351 1551 506 1652 primum
531 1559 888 1632 aBeroaldoeditos:
916 1556 974 1631 sed
996 1556 1175 1633 interdum
1200 1581 1336 1632 correc-

350 1692 408 1748 tus
435 1677 481 1750 ab
499 1677 577 1748 Ant.
595 1677 709 1752 Franc.
729 1678 918 1771 Varchienst.
967 1679 1066 1751 Nam
1082 1675 1116 1752 se
1131 1673 1220 1752 dicit
1234 1677 1336 1750 edere

351 1793 459 1870 libros
483 1795 641 1894 quinque
665 1821 776 1894 nuper
801 1795 964 1870 inventos
989 1821 1074 1870 cum
1100 1791 1241 1892 reliquis
1262 1789 1337 1890 ejus

349 1915 529 2012 operibus,
552 1941 574 1988 a
593 1915 684 1989 Phil.
701 1916 869 1990 Beroaldo
879 1913 1033 2013 juniore,
1062 1914 1137 1989 viro
1157 1910 1207 1986 sui
1229 1909 1339 1988 seculi.

348 2033 574 2108 eruditissimo
589 2053 668 2110 ante
681 2035 878 2134 castigatos,
911 2060 999 2108 mox
1015 2057 1098 2108 vero
1119 2058 1143 2106 t
1156 2031 1191 2104 se
1206 2030 1336 2118 iterum

348 2151 522 2251 cognitos.
571 2157 614 2229 ln
630 2180 717 2254 quo,
746 2157 881 2228 clarum
900 2153 962 2242 est,
983 2151 1083 2242 nihil,
1106 2171 1233 2248 preter
1255 2175 1333 2226 cor-

347 2270 515 2348 rectiones
532 2272 697 2366 vitiorum
712 2271 1064 2372 typographicorutn,
1088 2268 1236 2369 intelligi
1253 2269 1332 2368 pos·

348 2389 394 2482 se,
423 2410 483 2466 aut
507 2417 586 2490 quae
612 2392 753 2492 ingenio
779 2391 880 2466 fattae
906 2392 1014 2464 effent
1044 2385 1331 2487 conjecturisque,

346 2511 409 2586 ubi
425 2509 496 2610 ipse
508 2511 644 2611 aliquid
661 2512 735 2588 vitii
751 2511 819 2586 effe
835 2529 982 2610 putaret.
1032 2510 1153 2605 ltaque
1166 2506 1332 2584 editionis

344 2631 448 2731 hujus
463 2631 611 2719 critiam
624 2630 708 2734 usus
725 2633 841 2710 nullus
863 2629 924 2704 est.
972 2628 1052 2712 Nee
1077 2624 1166 2700 forte
1186 2629 1266 2724 plus
1281 2627 1331 2702 est

344 2752 383 2827 iu
399 2752 551 2828 editione
566 2736 767 2827 Florentina
782 2752 903 2841 altera,
925 2772 1007 2846 quae
1022 2771 1116 2822 enno
1137 2772 1151 2818 1
1159 2744 1179 2842 ς’
1183 2769 1242 2843 52·
1266 2747 1330 2821 ad·

344 2875 508 2973 figuntur.
556 2873 625 2950 Sed
641 2870 714 2971 ejus
730 2870 819 2946 nihil
834 2869 897 2944 nifi
912 2864 1084 2944 indicium
1097 2866 1240 2958 dedere,
1266 2865 1329 2963 qui

343 3017 422 3068 enm
438 3009 782 3068 commemorarunt:
814 3014 880 3065 nee
907 2989 980 3088 ejus
1005 2981 1212 3084 exemplum
1239 2983 1331 3060 mihi
1413 3066 1419 3074 ,
1478 2985 1481 2990 ’

341 3136 502 3211 unquam
536 3109 600 3188 sub
626 3111 747 3186 oculos'
782 3126 842 3183 aut
874 3107 911 3182 in
934 3133 1060 3186 manus
1094 3103 1202 3179 venit.
1251 3106 1326 3178 Re·

342 3235 490 3308 deamus
501 3255 590 3330 ergo
614 3230 652 3306 in
668 3228 895 3305 Germaniam
911 3230 947 3302 δι
963 3229 1011 3303 ad
1026 3221 1223 3306 Btfileenses
1250 3221 1326 3296 odi·

340 3373 465 3427 tiones.

389 3466 658 3572 Recognitionis
679 3468 822 3568 igituru
843 3469 1020 3549 Rhenano
1036 3463 1140 3542 fode
1162 3460 1328 3559 exemplu

339 3589 496 3689 primum
512 3587 672 3687 prodiere
688 3589 725 3661 in
751 3589 877 3663 eadem
893 3591 983 3665 urbe
1003 3612 1036 3660 n
1066 3606 1171 3682 1533·
1193 3605 1239 3655 ex
1265 3604 1324 3656 m-

337 3711 492 3808 demque
512 3706 653 3783 officim
677 3707 912 3800 Frobeniant,
933 3708 1003 3784 hoc
1024 3704 1153 3780 titulo:
1180 3701 1225 3775 P.
1248 3699 1324 3774 Cor·

336 3832 416 3904 nelli
429 3827 539 3902 Taciti
550 3829 666 3926 equitis
687 3827 780 3901 Rom.
797 3828 969 3904 Annalium
984 3829 1024 3900 ab
1050 3822 1163 3917 excefflt
1177 3820 1323 3918 Augusti,

322 3951 408 4048 ficut
423 3949 489 4048 ipse
511 3959 614 4034 vocat,
626 3947 704 4038 five
720 3945 868 4044 Historia
888 3931 1048 4046 Augustae,
1075 3945 1132 4045 qui
1146 3939 1241 4038 vulgo
1267 3953 1322 4014 re·
