3259 5284
502 592 794 661 Aunnmnnt
836 587 946 658 Lan.
986 586 1049 655 Vl.
1188 606 1258 679 299

291 753 501 850 “Princeps
527 776 715 829 ceterarum
741 781 857 829 rerum
878 752 1057 851 potiretur,
1087 746 1157 845 ipse
1180 773 1261 845 pro-

293 880 321 917 “
340 873 493 948 vinciam
509 874 703 947 retineret.”
752 878 845 948 Haec
864 872 951 945 mim
966 893 1197 965 quamquam,
1220 868 1262 938 fi-

287 993 372 1065 dem
388 1016 499 1089 exeo
521 994 715 1082 trahebant,
749 991 847 1089 quod
876 1009 965 1062 unus
988 984 1148 1060 omnium
1171 982 1263 1080 Seja·
1332 979 1335 987 ’

291 1110 328 1182 ni
353 1111 523 1183 adfinium
553 1111 748 1201 incolumis,
784 1112 961 1205 multaque
986 1104 1096 1202 gratia
1119 1106 1263 1175 mansit:

290 1249 469 1325 reputante
481 1230 625 1303 Tiberio
642 1229 824 1327 publicum
841 1227 900 1300 fibi
916 1224 1053 1312 odium,
1070 1240 1264 1295 extremam

289 1366 441 1438 aetatem,
480 1346 659 1447 magisque
699 1346 805 1437 sama,
847 1346 956 1445 quim
995 1341 1045 1430 vi,
1086 1341 1173 1414 stare
1211 1364 1263 1411 res

288 1465 375 1538 suas.

339 1586 478 1657 XXXI.
513 1584 556 1657 C.
588 1586 748 1673 Casmo,
787 1586 844 1657 M.
877 1580 1020 1654 Servilio
1049 1576 1261 1667 consulibus,

286 1702 425 1775 nobiles
440 1702 558 1773 Parthi
577 1703 614 1773 in
635 1705 775 1775 Urbem
792 1704 931 1790 venere,
960 1701 1081 1797 ignaro
1097 1723 1178 1795 rege
1194 1703 1261 1771 Ar·

288 1820 427 1891 tabano.
501 1822 534 1892 Is
575 1840 670 1893 metu
704 1820 905 1894 Germanici
946 1821 1037 1893 fidus
1076 1816 1261 1904 Romanis,

287 1936 468 2033 aequabilis
493 1938 530 2011 in
549 1938 645 2024 suos;
687 1964 772 2012 mox
788 1938 983 2035 superbiam
1006 1936 1045 2016 ,in
1063 1962 1140 2026 nos,
1163 1934 1260 2009 saevi·

289 2054 376 2129 tiam
397 2056 434 2129 in
458 2059 641 2153 populares
657 2056 822 2154 sumpsst3
846 2055 955 2130 fretus
977 2054 1089 2143 bellis,
1117 2079 1196 2150 quae
1212 2051 1261 2125 se·

286 2176 403 2249 cunda
423 2176 607 2249 adversism
629 2174 861 2274 circumjoetas
883 2174 1036 2247 nationes
1048 2191 1262 2261 exercuerat,

287 2297 322 2365 ἃ
347 2293 555 2367 senestutem
589 2294 737 2385 Tiberii,
769 2314 809 2367 ut
840 2294 1025 2380 inermem,
1057 2290 1262 2387 despiciens,

287 2412 476 2510 avidusque
494 2413 684 2503 Armenia,
712 2412 783 2502 cui,
809 2412 973 2487 defirndo
995 2435 1076 2508 rege
1103 2409 1262 2498 Artaxifi,

288 2532 453 2619 Arsacen,
470 2531 656 2604 liberorum
672 2530 811 2605 suorum
829 2530 1066 2619 veterrimum,
1083 2526 1259 2625 imposuit,

286 2646 403 2720 additas
420 2650 641 2739 contumelid,
674 2654 707 2721 δι
723 2650 841 2739 miffis,
866 2650 926 2748 qui
944 2656 971 2693 “
989 2674 1128 2747 gazam,
1151 2648 1260 2720 aVo-

288 2771 316 2809 “
333 2790 426 2840 none
442 2768 594 2839 relidam
611 2767 647 2841 in
664 2768 758 2864 Syria
770 2768 1006 2871 'Ciliciaquey
1028 2766 1259 2863 reposcerent,

286 2886 385 2957 fimul
414 2892 441 2927 “
459 2904 589 2957 veteres
611 2884 791 2960 Persarum
813 2913 854 2960 ac
877 2886 1119 2959 Macedonum
1145 2884 1262 2957 termi-

287 3010 315 3050 “
333 3029 422 3077 nos:
458 3001 560 3100 seque
591 3002 786 3077 invasurum
811 3006 952 3101 possessa
978 3005 1086 3099 Cyro,
1123 3010 1157 3077 δι
1184 3003 1262 3100 post

287 3128 316 3169 “
334 3123 577 3211 Alexandro,''
602 3146 663 3217 per
680 3121 974 3219 vaniloquentiam
991 3146 1031 3195 ac
1048 3121 1158 3195 minas
1173 3120 1261 3219 jaci·

283 3242 375 3315 ebat.
425 3242 491 3313 Sed
513 3240 647 3313 Parthis
669 3241 829 3313 mittendi
851 3242 995 3313 secretos
1017 3240 1156 3313 nuntios
1175 3240 1260 3313 vali-

282 3360 435 3435 disfimus
457 3362 578 3433 austor
601 3359 666 3433 fuit
692 3356 866 3449 Sinnaces,
899 3358 1024 3457 insigni
1048 3358 1192 3447 familis,
1218 3382 1260 3435 ac

282 3480 426 3574 perinde
443 3480 583 3577 opibus,
602 3482 635 3551 δι
661 3478 839 3575 proximus
858 3478 939 3552 huic
954 3478 1094 3568 Abdus,
1113 3480 1257 3575 ademp-

283 3614 329 3669 tae
346 3598 526 3671 virilitatis.
575 3601 661 3673 Non
677 3596 878 3695 despectum
903 3598 939 3670 id
962 3600 1058 3695 apud
1082 3600 1258 3686 barbaros,

283 3715 445 3811 ultroque
475 3716 665 3812 potentmm
693 3719 808 3790 habet.
875 3718 919 3807 li,
953 3716 1089 3791 adscitis
1118 3720 1152 3789 δι
1185 3716 1259 3796 aliis

284 3830 507 3929 primoribus,
544 3836 628 3931 quia
661 3835 839 3908 neminem
869 3834 982 3933 gentis
1015 3834 1258 3908 Arsacidarum

283 3948 426 4028 summae
451 3951 499 4027 rei
527 3951 705 4049 imponere
725 3974 897 4055 poterant,
926 3952 1111 4029 intersertis
1126 3956 1172 4028 ab
1189 3958 1258 4027 Ar,
