3259 5284
364 637 416 692 XX

415 783 617 860 Alexander
632 787 923 875 Mruurrnnos,
942 784 1096 884 Apulus,
1119 769 1273 861 eruditus
1292 805 1347 884 ty·

366 907 567 1004 pographus
593 907 878 998 Mediolanenfis,
908 910 943 979 dc
970 907 1134 981 Historiae
1164 905 1347 1003 profeffor,

367 1026 500 1098 chartas
528 1025 742 1099 Beroaldinae
770 1022 932 1100 editionis
954 1051 999 1098 ex
1023 1027 1124 1098 Urbe
1148 1025 1350 1122 importatas

366 1143 515 1234 recudit,
550 1164 589 1218 ut
615 1169 672 1218 eas
701 1145 918 1218 auditoribus
949 1143 1013 1217 suis
1042 1145 1251 1242 praelegeret.
1306 1145 1349 1216 ln

365 1264 462 1336 calce
482 1262 596 1360 operis
623 1263 748 1361 reperit
773 1262 807 1338 se
831 1265 1071 1362 imprudenter
1095 1260 1255 1361 illapsum
1281 1263 1350 1335 effe

362 1382 399 1456 in
430 1381 655 1456 Pontificium
683 1381 922 1473 interdidum,
956 1407 1028 1481 quo
1060 1385 1263 1473 cavebatur,
1301 1405 1347 1454 ne

365 1501 443 1600 quis
459 1501 548 1575 intra
562 1500 772 1575 decennium
792 1503 959 1577 Tacitum
980 1503 1171 1576 recederet.
1221 1502 1349 1598 Culpae

365 1619 503 1694 veniam
520 1620 700 1707 exoravit3
728 1621 893 1719 suamque
908 1620 1114 1710 editionem,
1137 1619 1346 1718 quibusdam

366 1738 405 1813 in
423 1739 506 1814 locis
525 1742 757 1829 emendatam,
778 1745 811 1812 dc
829 1742 979 1814 Andreae
997 1738 1125 1814 Alciati
1146 1738 1239 1812 notis
1265 1764 1347 1812 auc·

367 1879 454 1949 tarn,
481 1858 627 1933 absolvit
643 1885 735 1934 anno
754 1883 901 1932 Muxvrt
925 1878 953 1932 ¹.
973 1867 996 1911 ⁴*

416 1981 587 2067 Barrus,
615 1999 674 2052 aut
690 1978 803 2052 verius
827 1981 993 2053 Bnmus
1023 1983 1262 2068 Raraunum,
1287 1980 1348 2052 Se·

367 2098 585 2189 lestadienfis,
612 2123 717 2172 manu
744 2097 857 2195 scripti
891 2098 1020 2172 codicis
1045 2099 1221 2186 Budensrs,
1262 2097 1349 2170 olim

367 2216 530 2294 Matthiae
543 2215 699 2305 Corvini,
718 2217 916 2314 Hungariae
933 2216 1037 2315 regis,
1055 2216 1197 2314 copiam
1213 2216 1348 2306 nadua,

369 2363 499 2413 novam
519 2340 553 2410 dc
579 2335 758 2434 aliquanto
784 2335 1031 2412 accuratiorem
1053 2337 1245 2410 editionem
1267 2337 1347 2408 vul·

315 2503 321 2522 .
369 2455 466 2556 gavit
483 2456 617 2528 Bafileae
636 2479 730 2528 anno
749 2479 959 2529 mnxxxtu.
983 2453 1072 2553 saepe
1089 2455 1208 2552 postea
1230 2457 1266 2527 dc
1288 2479 1349 2527 va·
1370 2463 1373 2469 '

368 2575 427 2649 riis
444 2575 479 2646 in
497 2573 580 2648 locis
596 2571 751 2648 recusam
765 2597 793 2646 2.
812 2581 836 2627 *

418 2693 540 2790 Justus
567 2696 746 2784 Lrnstus,
774 2693 896 2792 Belga,
918 2691 1126 2767 Corneliano
1154 2691 1274 2791 spiritu
1298 2687 1348 2764 af·

371 2817 487 2904 flatus,
523 2838 726 2912 magnoque
750 2813 951 2886 eruditionis
978 2832 1101 2911 paratu
1125 2811 1171 2884 ad
1198 2810 1235 2883 id
1263 2834 1351 2907 opus

371 2921 529 3009 accedit:
560 2957 704 3005 omnem
720 2929 821 3030 hujus
846 2931 972 3006 laboris
992 2933 1132 3006 laudem
1160 2948 1351 3027 reportatu-

371 3079 443 3144 rus,
468 3055 490 3125 fi
508 3077 579 3125 non
597 3070 758 3148 excerpta
773 3050 911 3123 tantiam
927 3052 1011 3124 Mff.
1034 3049 1196 3123 codicum
1210 3047 1351 3122 Vatica-

372 3197 514 3261 norum,
543 3166 749 3258 Farnesrani,
778 3167 1017 3258 Covarruviae,
1050 3167 1227 3257 Sambuci,
1256 3186 1350 3241 vete·

372 3314 523 3388 rumque
539 3287 736 3363 editionum
752 3286 974 3378 adhibuisset,
998 3284 1054 3360 sed
1078 3285 1185 3360 libros
1200 3285 1353 3386 integros

423 3536 435 3564 ¹
455 3531 502 3590 Ci.
525 3525 679 3595 Maittairc,
696 3526 751 3586 loc.
773 3523 824 3584 cit·
846 3523 916 3583 hanc
936 3523 1087 3585 editionem
1107 3525 1204 3586 Rom
1224 3522 1353 3604 prodiisse

376 3651 517 3716 perperam
529 3626 634 3688 scribit.
664 3623 806 3684 Fabricius
815 3642 937 3702 quoque,
951 3623 1205 3686 &blanchalanda
1219 3623 1285 3683 libr.
1294 3621 1349 3683 IV.

378 3751 439 3810 cap.
449 3749 496 3791 ar.
509 3749 574 3808 pag.
585 3745 654 3805 47¹,
673 3741 746 3783 errat
758 3724 789 3784 in
802 3743 884 3782 anno.
919 3721 959 3780 Ea
970 3721 1047 3782 enim
1060 3725 1098 3783 est
1109 3722 1175 3783 anni
1191 3742 1276 3804 ¹5¹7·
1295 3741 1352 3782 non

371 3827 438 3894 teto
457 3831 549 3910 15163
569 3825 664 3886 forma
676 3834 760 3902 ire-4⁰.
772 3821 819 3882 sed
833 3819 966 3881 minimae.

422 3933 437 3962 ²
455 3929 580 4007 Qarunr
593 3923 718 3984 omnium
731 3921 873 4005 precipua
884 3921 933 3990 est,
951 3940 1011 3999 quae
1023 3919 1130 4001 prodiit
1141 3920 1268 3983 Veneriit
1280 3937 1355 3982 anno

385 4047 471 4113 1534,
490 4023 563 4108 typis
575 4020 696 4084 Aldinia
