3259 5284
355 585 406 662 xii

352 783 374 831 e
398 757 564 832 Mediceo
592 756 721 849 sumfit,
750 758 858 858 usque
874 761 920 834 ad
936 760 1109 858 Lipsrum,
1143 785 1165 834 a
1191 785 1263 858 quo
1289 761 1327 834 C.

352 901 553 972 praenomen
583 876 803 952 substitutum
837 880 900 969 est,
942 883 1082 954 austere
1125 882 1330 955 Farnesrano

350 994 456 1085 libro,
482 996 682 1071 &Sidonio
709 998 917 1095 Apollinari.
968 1001 1067 1074 ldem
1090 997 1193 1072 etiam
1218 999 1329 1096 repeti

350 1113 386 1186 in
416 1114 645 1213 antiquissima
660 1117 811 1191 editione
829 1118 907 1192 libri
923 1120 968 1192 de
984 1115 1171 1191 Germania
1185 1157 1331 1173 ---

605 1265 617 1322 3
644 1237 737 1310 unde
769 1237 847 1312 sane
877 1231 1087 1312 firmamenti
1115 1234 1249 1332 aliquid
1270 1261 1328 1310 ac·

350 1353 444 1427 cedit
461 1353 631 1450 Lipsranae
644 1356 776 1428 rationi.
828 1359 870 1430 ln
887 1358 944 1429 ed.
960 1355 1136 1453 Spirensis,
1160 1354 1196 1426 in
1213 1353 1328 1452 capite

350 1472 559 1562 Germania,
589 1477 622 1545 δι
640 1475 833 1565 Puteolani,
856 1477 935 1549 MS.
947 1473 1220 1550 Guelfinullum
1237 1499 1326 1570 prae·

349 1616 479 1664 nomen
497 1593 693 1689 expressum
710 1593 771 1666 est.
823 1593 943 1668 Etiam
959 1593 1123 1668 librorum
1147 1619 1220 1666 non
1242 1617 1329 1666 eun·

349 1711 433 1784 dem
450 1735 634 1784 numerum
651 1712 799 1784 Codices
816 1709 956 1786 faciunt.
1007 1711 1143 1811 Viginti
1165 1712 1236 1803 alii,
1268 1710 1328 1784 alii

348 1855 459 1903 unum
478 1833 510 1902 δι
528 1829 668 1927 viginti.
719 1830 800 1902 Vidi
818 1830 922 1904 etiam
948 1832 1116 1906 Codicem
1142 1829 1329 1905 memorari

349 1947 646 2037 Montesalconio,
677 1949 738 2046 qui
755 1948 977 2047 undeviginti
1004 1970 1139 2024 tantum
1168 1975 1327 2026 numera-

348 2087 412 2142 ret.
461 2066 587 2140 Caussa
603 2068 803 2142 diversitatis
830 2067 892 2158 est,
921 2069 1017 2165 quod
1039 2069 1200 2142 nonnulli
1221 2070 1326 2142 libro·

348 2211 443 2274 rum,
469 2185 530 2283 qui
547 2212 640 2260 nunc
657 2185 894 2261 Historiarum
911 2208 1092 2276 vocantur,
1122 2187 1274 2285 primum
1291 2192 1327 2261 δι

348 2303 539 2379 secundum
564 2303 797 2402 conjungunt,
827 2325 866 2378 ut
886 2304 1204 2402 Guelferbytanus:
1229 2308 1327 2403 quod

347 2424 483 2500 servant
501 2429 535 2496 δι
564 2423 645 2495 edd.
665 2427 788 2497 Fratre.
819 2425 1014 2514 Puteolani,
1043 2425 1214 2514 Beroaldi,
1237 2427 1324 2499 Fro-

348 2542 444 2618 benii
478 2567 510 2616 a.
545 2565 648 2640 1519.
681 2542 731 2616 ita
761 2562 892 2634 tamen,
935 2564 973 2616 ut
999 2545 1124 2616 lacuna
1153 2547 1193 2617 stt
1220 2567 1327 2640 parva

348 2660 448 2735 initio
463 2659 542 2738 libri
567 2659 722 2752 secundi,
753 2661 839 2734 &in
861 2663 931 2742 fine
953 2660 1203 2759 subscriptum:
1217 2665 1327 2760 septi-

348 2782 548 2854 musdecimus
564 2781 604 2853 ὃ
619 2781 880 2852 oblavutdecr'mus
906 2782 1018 2874 confufi
1028 2782 1126 2872 fimus
1138 2785 1327 2878 expliciunt:

346 2899 384 2971 ἃ
400 2897 544 2997 sequens
560 2899 645 2973 liber
661 2901 830 2972 Xleus
853 2899 1000 2973 dicatur.
1051 2907 1108 2976 Ac
1129 2898 1266 2975 fortasse
1288 2902 1324 2976 in

346 3019 387 3094 iis
404 3019 510 3109 libris,
540 3018 600 3116 qui
617 3018 705 3092 XIX
724 3037 861 3091 tantum
883 3018 1064 3107 exhibent,
1088 3016 1325 3115 fragmentum

347 3137 426 3214 libri
452 3135 548 3212 Hist.
577 3136 688 3234 quinti
715 3137 856 3210 adhaefit
884 3158 1022 3232 quarto,
1055 3156 1114 3209 aut
1139 3137 1225 3210 alius
1253 3138 1323 3212 alii.

346 3256 440 3331 Illud
457 3275 574 3328 autem
600 3254 682 3328 hinc
711 3255 814 3352 plane
839 3255 1060 3352 intelligitur,
1090 3255 1126 3328 in
1150 3255 1325 3352 antiquio-

348 3376 443 3450 ribus
460 3373 555 3447 libris
572 3375 705 3448 nullam
722 3371 992 3471 inscriptionem,
1017 3375 1132 3448 nullos
1158 3398 1323 3446 numeros

348 3495 518 3569 librorum
535 3491 645 3581 fuisse,
665 3510 704 3564 ut
721 3491 755 3564 in
770 3491 920 3565 editione
937 3494 995 3588 Jo.
1013 3493 1185 3590 Spirensrs.
1223 3493 1328 3563 Forte

347 3613 452 3689 etiam
472 3610 651 3708 probabile
674 3611 831 3684 videatur
846 3612 1035 3701 nonnullis,
1063 3608 1258 3684 discrimina
1283 3610 1323 3683 li-

347 3735 489 3806 brorum
517 3757 589 3802 non
620 3731 686 3804 effe
712 3756 734 3806 a
763 3730 903 3822 Tacito,
932 3757 1012 3830 quae
1047 3753 1111 3810 nec
1144 3729 1327 3803 necessaria

348 3869 456 3938 erant,
482 3875 564 3921 cum
593 3873 655 3945 per
672 3874 779 3923 annos
795 3849 931 3923 historia
947 3849 1078 3948 digesta
1098 3849 1192 3936 effet,
1215 3873 1326 3944 eaque

286 3995 290 4003 ·
348 3971 435 4050 adeo
459 3967 702 4044 Grammaticis
726 3970 782 4044 vel
795 3967 938 4048 librariis
963 3967 1095 4061 deberi,
1123 3987 1163 4042 ut
1185 3966 1223 4041 in
1246 3966 1321 4044 aliis
