3259 5284
505 559 826 660 'nun-suun
858 587 968 660 Lra.
1001 588 1046 660 II.
1215 613 1280 686 119

313 750 351 824 th
365 749 517 826 claritate
533 756 581 826 ob
598 753 740 832 nimiam
757 754 898 828 vivendi
913 755 1124 852 cupidinem.
1181 757 1281 830 Idem

314 869 493 943 Catualdae
521 871 629 962 casus,
660 899 773 970 neque
799 874 893 947 aliud
910 873 1133 971 perfugium:
1165 873 1280 970 pulsus

315 988 408 1060 haud
441 990 553 1063 multi)
585 991 661 1088 post
698 993 1029 1066 Hermundurorum
1067 992 1204 1088 opibus,
1244 999 1278 1070 δι

314 1105 445 1179 Vibilio
459 1109 577 1193 duce;
605 1109 841 1208 receptusque,
866 1113 996 1184 Forum
1013 1109 1162 1205 Julium,
1188 1114 1276 1184 Nar-

315 1224 470 1298 bonenfis
509 1227 631 1300 Galliae
672 1229 858 1318 coloniam,
899 1228 1055 1300 mittitur.
1141 1230 1277 1302 Barbari

312 1362 499 1441 utmmque
516 1346 682 1435 comitati,
709 1373 750 1420 ne
768 1347 898 1443 quietas
916 1345 1108 1442 provincias
1125 1346 1277 1420 immixti

312 1464 506 1553 turbarent,
536 1465 739 1538 Danubium
755 1468 844 1538 ultra
861 1466 947 1536 inter
962 1463 1107 1537 flumina
1132 1467 1276 1538 Marum

313 1582 348 1650 &
364 1580 495 1654 Cusum
510 1565 678 1674 locantur,
705 1584 787 1655 dato
800 1608 882 1680 rege
899 1581 1034 1656 Vannio
1049 1582 1159 1678 gentis
1176 1587 1273 1680 Qra·
1331 1562 1334 1573 ¹

311 1699 449 1772 dorum.
646 1783 650 1789 ,

371 1817 504 1890 LXIV.
539 1823 666 1894 Sintur„
700 1820 856 1893 nuntiato
891 1827 1050 1918 “regem
1092 1821 1275 1896 Artaxiam

315 1940 343 1977 “
362 1936 537 2009 Armeniis
553 1964 574 2010 a
589 1939 799 2012 Germanico
826 1940 985 2028 datum,''
1009 1941 1190 2012 decrevere
1214 1965 1275 2035 pa-

310 2071 392 2144 tres,
423 2062 502 2127 “ut
518 2056 745 2131 Germanicus
768 2077 872 2153 atque
899 2055 1030 2130 Drusus
1047 2078 1187 2130 ovantes
1204 2059 1275 2130 Ur·

311 2179 339 2216 “
357 2176 437 2248 bem
463 2173 680 2248 introirent.''
737 2175 858 2248 Stmsii
883 2179 915 2248 &
942 2199 1039 2248 arcus
1068 2174 1198 2250 circum
1224 2178 1273 2247 la-

303 2313 377 2366 tera
391 2293 513 2390 templi
529 2293 654 2368 Martis
670 2293 817 2383 Ultoris,
843 2319 924 2368 cum
942 2292 1055 2390 effigie
1071 2290 1243 2366 Caesarum
1260 2321 1270 2366 a

308 2411 437 2486 laetiore
451 2411 608 2503 Tiberio,
634 2411 715 2509 quia
735 2437 859 2509 pacem
885 2409 1047 2508 sapientis
1063 2413 1272 2502 firmaverat,

306 2530 414 2625 quam
449 2535 472 2602 sr
510 2531 641 2602 bellum
671 2555 733 2627 per
769 2531 858 2602 acies
896 2529 1099 2602 confecisset.
1159 2530 1272 2627 Igitur

307 2646 551 2742 Rhescuporin
573 2671 726 2743 quoque,
755 2646 913 2718 Thracia
938 2671 1071 2742 regem,
1108 2649 1181 2720 astu
1210 2649 1272 2720 ad·

308 2763 473 2860 greditur.
536 2767 690 2837 Omnem
716 2789 792 2836 eam
815 2763 990 2836 nationem
1017 2767 1273 2838 Rhoemetalces

305 2900 459 2954 tenuerat
473 2910 494 2952 :¹
510 2908 582 2978 quo
598 2881 776 2968 defundi0,
803 2882 982 2978 Augustus
1004 2901 1135 2976 partem
1156 2885 1271 2954 Thra-

306 3024 388 3071 cum
410 2997 662 3096 Rhescuporidi
688 2998 779 3072 fratri
795 2998 877 3096 ejus,
908 3019 1040 3096 partem
1069 2999 1140 3074 filio
1167 3001 1271 3095 Cotyi

306 3118 468 3212 permisit.
517 3120 559 3191 In
576 3123 615 3190 ed
626 3117 792 3190 divifione
804 3142 899 3207 arva,
925 3120 1085 3206 &urbes‚
1111 3118 1270 3192 &vicina

302 3235 448 3326 Graecis,
468 3235 572 3331 Cotyi
584 3264 595 3321 ;
624 3237 721 3333 quod
746 3234 930 3325 incultum,
957 3233 1069 3325 ferox,
1092 3236 1268 3314 adnexum

302 3356 469 3445 hostibus,
489 3353 741 3452 Rhescuporidi
757 3355 870 3427 ceffit:
897 3351 1119 3449 ipsorumque
1145 3379 1268 3452 regum

302 3473 452 3570 ingenia,
486 3473 536 3547 illi
553 3475 649 3562 mite,
675 3479 709 3546 δι
734 3497 930 3562 amoenum,
959 3473 1038 3546 huic
1051 3493 1162 3561 atrox,
1196 3469 1268 3546 avi-

301 3590 402 3678 dum,
433 3591 658 3664 &societatis
688 3591 868 3688 impatiens
906 3611 986 3664 erat.
1052 3591 1118 3662 Sed
1155 3589 1269 3686 primd

301 3705 445 3782 subdoli
462 3712 645 3784 concordii
662 3714 788 3806 egere:
815 3735 900 3784 mox
924 3707 1154 3805 Rhescuporis
1171 3734 1266 3806 egre-

301 3823 337 3894 di
355 3825 453 3915 fines,
470 3848 603 3900 vertere
619 3828 655 3900 in
671 3827 703 3901 se
719 3827 824 3922 Cotyi
840 3829 933 3916 data,
968 3832 1002 3900 ὅτ
1018 3827 1176 3902 refistenti
1196 3826 1268 3900 vim
1290 3903 1295 3912 ,

300 3941 436 4030 facere3
470 3944 741 4022 condantersub
757 3946 932 4042 Augusto,
961 3971 1066 4044 quem
1091 3945 1266 4020 auetorem

807 4066 865 4156 14
