3259 5284
509 610 819 680 nnuman
852 606 1014 679 Ltul.
1217 633 1261 702 41

336 781 507 856 XLVIII.
533 788 593 856 Ar
620 784 908 872 Gnnunureus,
934 803 1151 879 quamquam
1181 805 1264 854 con·

288 905 398 977 trat‘Io
428 902 597 993 exercitu,
633 907 666 976 δι
695 907 814 1001 paratas
841 902 878 974 in
903 900 1090 974 defessores
1117 899 1263 990 ultione,
1334 934 1338 942 ·

288 1023 447 1098 dandum
462 1023 577 1096 adhuc
601 1023 753 1121 spatium
770 1043 875 1114 ratus,
902 1026 925 1096 si
948 1023 1076 1098 recenti
1100 1024 1265 1120 exemplo

289 1142 353 1216 fibi
378 1143 443 1242 ipsi
469 1142 695 1234 consulerent,
722 1143 901 1240 praemittit
933 1144 1046 1217 literas
1078 1148 1122 1217 ad
1154 1142 1265 1218 Caeci-

291 1288 389 1353 narn,
417 1264 576 1336 “venire
598 1262 633 1337 se
655 1264 772 1338 valide
793 1291 913 1356 manu,
940 1289 980 1338 ac
1004 1263 1040 1337 ni
1058 1262 1278 1361 supplic-ium

292 1383 370 1456 “in
387 1384 497 1456 malos
513 1381 732 1481 praesumant,
757 1383 899 1458 usurum
928 1382 1121 1481 promiscui
1136 1385 1267 1457 caede''.
1326 1416 1329 1422 ·

292 1505 361 1577 Eas
392 1503 532 1578 Caecina
569 1491 756 1601 aquiliferis
792 1502 1036 1603 signiferisque,
1066 1505 1129 1592 δε,
1170 1503 1266 1599 quod

290 1623 446 1698 maxime
463 1624 647 1698 castrorum
666 1629 833 1698 sincerum
861 1617 943 1714 erat,
969 1623 1107 1698 occulte
1123 1621 1266 1708 recitat3

294 1751 446 1842 “utque
461 1747 604 1817 cunnos
625 1744 792 1834 infamiae,
818 1742 940 1841 seipsos
964 1741 1067 1818 rnorti
1088 1739 1269 1814 eximant''

292 1867 470 1938 hortamrz
499 1870 527 1907 “
541 1890 623 1937 nam
649 1863 686 1938 in
709 1889 793 1962 pace
818 1861 932 1938 causas
950 1867 983 1936 δι
1000 1861 1121 1935 merita
1138 1859 1268 1959 speeta-

294 1991 324 2027 “
335 1984 388 2056 ri:
414 1984 478 2057 ubi
506 1986 639 2057 bellurn
668 1984 818 2083 ingruat,
843 1984 1043 2058 innocentes
1074 2009 1116 2055 ac
1144 1981 1268 2055 noxios

296 2101 435 2202 “juxti
458 2106 616 2178 cadere''.
665 2103 735 2194 Illi,
762 2103 901 2178 tentatis
930 2129 1017 2201 quos
1046 2102 1195 2178 idoneos
1216 2127 1269 2175 re·
1371 2169 1374 2176 ,

293 2225 434 2314 bantur,
462 2223 648 2322 postquam
672 2221 839 2322 majorem
867 2222 1047 2321 legionum
1073 2223 1270 2321 partemin

292 2339 409 2417 officio
425 2343 568 2429 vident3
594 2345 639 2416 de
662 2341 829 2417 sententis
854 2342 973 2442 legati,
998 2343 1150 2418 statuunt
1179 2365 1269 2418 tem-

292 2489 373 2564 pus,
391 2489 465 2561 quo
476 2463 702 2537 foediffimum
715 2487 894 2561 quemque
911 2467 945 2535 δι
956 2461 1114 2537 seditioni
1125 2489 1269 2562 promp-

294 2601 373 2656 tum
389 2583 478 2657 ferro
505 2583 682 2656 invadant.
732 2582 851 2674 Tunc,
878 2585 975 2680 signo
1000 2582 1087 2655 inter
1113 2581 1269 2677 sedato,

294 2701 499 2800 inrumpunt
517 2702 756 2791 contubemia,
778 2701 952 2775 trucidant
970 2700 1129 2799 ignaros:
1157 2705 1268 2794 nullo,

293 2821 356 2896 nisi
381 2820 537 2913 consciis,
562 2821 722 2900 noscente
749 2823 847 2920 quod
879 2819 983 2894 caedis
1010 2819 1164 2911 initium,
1191 2821 1271 2918 quis

295 2940 386 3017 finis.

342 3064 480 3140 XLIX.
506 3064 690 3136 Divi-:nen
718 3061 894 3152 omnium,
921 3085 1000 3158 quae
1019 3084 1189 3159 umquam
1212 3087 1270 3137 ac-

295 3181 424 3270 cidere,
462 3182 620 3256 civilitun
653 3207 829 3256 armorum
862 3179 984 3255 facies:
1023 3207 1094 3255 non
1130 3182 1270 3279 proeli0,

293 3324 365 3374 non
380 3303 526 3375 adversis
543 3319 562 3374 'e
578 3301 703 3392 castris,
720 3300 779 3376 sed
795 3300 917 3375 iisdem
934 3327 954 3374 e
970 3301 1158 3392 cubilibus,
1178 3327 1267 3400 quos

293 3423 394 3495 fimus
410 3419 583 3494 vescentes
599 3421 687 3512 dies,
713 3425 813 3495 simul
831 3422 967 3520 quietos
994 3447 1067 3498 nox
1090 3423 1270 3512 habuerat,

293 3537 475 3618 discedunt
500 3541 537 3613 in
565 3561 691 3640 partes,
717 3542 880 3642 ingerunt
904 3543 995 3614 tela:
1024 3543 1166 3633 clamor,
1192 3529 1295 3615 vul-¹

294 3681 389 3751 nera,
424 3659 561 3759 sanguIs
589 3665 705 3760 palam
717 3692 728 3750 3
767 3660 867 3736 causa
894 3661 931 3734 in
959 3665 1121 3736 occulto:
1160 3682 1273 3738 cetere

293 3777 361 3853 sors
388 3782 501 3880 regit:
529 3782 727 3881 &quidam
754 3785 929 3855 bonomm
956 3785 1044 3873 caesr,
1072 3783 1270 3880 postquam,

293 3897 468 3975 hitellesto
484 3901 521 3975 in
543 3928 632 4000 quos
653 3900 839 3992 saeviretur,
867 3901 998 3999 pessimi
1016 3927 1159 4001 quoque
1176 3927 1271 3976 arma

293 4011 486 4122 rapuerant.
501 4030 504 4035 ’
536 4022 665 4122 Neque
682 4024 830 4122 legatus,
857 4041 916 4098 aut
937 4021 1096 4098 tribunus
1112 4023 1272 4100 modern*
