3259 5284
406 677 474 750 130
560 719 566 728 ,
610 651 1201 725 C.Cottunn11TAc1r1

400 823 559 920 agrestia,
581 825 626 897 ad
642 823 792 897 subitum
808 822 907 897 usum
926 845 1119 922 properata.
1168 823 1222 896 Ut
1247 821 1374 895 venere

399 942 437 1014 in
454 969 591 1032 manus,
609 970 680 1016 non
697 944 786 1016 ultra
811 943 1025 1032 dubitatum,
1059 944 1167 1040 quam
1188 943 1276 1016 dum
1298 945 1374 1015 Ro-

401 1089 513 1136 manae
535 1065 696 1136 cohortes
727 1062 764 1134 in
794 1089 938 1161 aequum
964 1062 1198 1136 eniterentur:
1236 1077 1375 1134 vertunt

400 1199 500 1279 terga
514 1182 656 1270 Cilices,
682 1179 786 1279 seque
803 1182 942 1255 castello
958 1183 1138 1256 claudunt.

447 1302 624 1373 LXXXI.
649 1302 826 1373 Iuranrru
849 1298 927 1372 Piso
955 1301 1109 1389 classem,
1139 1301 1232 1372 haud
1251 1298 1374 1396 procul

399 1419 653 1514 opperientem,
672 1419 874 1516 adpugnare
899 1417 1021 1491 frustra
1048 1418 1218 1491 tentavit:
1246 1415 1373 1515 regres-

400 1537 534 1634 susque,
569 1541 603 1610 &
631 1565 696 1634 pro
719 1538 830 1610 muris
864 1539 971 1612 modb
1010 1536 1116 1610 semet
1149 1537 1373 1626 adflistando,

400 1656 509 1729 modd
539 1659 690 1756 singulos
729 1657 876 1729 nomine
900 1657 1005 1747 ciens,
1044 1655 1196 1753 praemiis
1231 1681 1373 1744 vocans,

399 1774 603 1849 seditionem
633 1779 835 1872 coeptabat3
870 1777 1029 1872 adebque
1057 1793 1308 1863 commoverat,
1334 1792 1374 1846 ut

400 1894 539 1991 figniser
555 1895 702 1991 legionis
718 1895 821 1969 sextae
840 1898 975 1993 signum
992 1895 1134 1968 adeum
1156 1890 1374 1966 transtulerit.

399 2015 497 2088 Tum
533 2014 668 2087 Sentius
709 2021 919 2087 “occanere
959 2039 1087 2087 cornua
1115 2010 1295 2109 tubasque,
1338 2016 1372 2086 8:

402 2141 431 2180 “
449 2135 519 2231 peti
535 2159 713 2232 aggerem,
739 2132 825 2230 erigi
841 2133 969 2212 scalas”
989 2131 1097 2230 juffit,
1126 2138 1153 2174 “
1170 2157 1210 2204 ac
1228 2156 1372 2228 promp-

402 2260 430 2296 “
448 2253 614 2326 tiffimum
638 2276 815 2350 quemque
836 2249 1043 2324 succedere:
1079 2249 1164 2322 alios
1190 2250 1372 2322 tormentis

403 2379 432 2416 ‘⁴
450 2372 576 2461 hastas,
594 2372 688 2461 saxa,
712 2369 852 2443 &faces
869 2369 1060 2466 ingerere.'’
1086 2369 1263 2458 Tandem,
1287 2367 1378 2442 vitu

402 2491 600 2587 pertinacis,
642 2488 720 2562 Piso
771 2488 898 2578 oravit,
937 2494 964 2530 “
981 2488 1050 2577 uti,
1085 2487 1218 2560 traditis
1256 2487 1375 2578 armis,

404 2606 607 2682 “maneret
635 2607 671 2680 in
695 2607 848 2696 casteIIO,
884 2589 971 2680 dum
998 2605 1122 2696 Caesar,
1158 2606 1215 2679 cui
1242 2605 1376 2700 Syriam

404 2735 433 2771 “
452 2727 674 2824 permitteret,
697 2725 920 2800 consulitur.”
969 2728 1056 2798 Non
1084 2745 1230 2822 receptae
1255 2725 1376 2797 condi-

401 2846 538 2920 tiones:
565 2871 629 2919 nec
645 2845 754 2934 aliud,
785 2845 895 2943 quam
917 2869 1022 2918 naves
1049 2849 1083 2918 δι
1105 2863 1219 2918 tutum
1244 2843 1281 2916 in
1305 2847 1376 2918 Ur-

404 2969 488 3040 bem
505 2965 580 3054 iter,
607 2966 805 3037 concessum
822 2965 882 3037 est.

460 3085 655 3158 LXXXII.
694 3087 755 3156 Ar
779 3087 929 3172 Romae,
971 3085 1156 3181 postquam
1178 3080 1378 3156 Germanici

403 3205 567 3276 valetudo
583 3203 792 3298 percrebuit,
817 3203 1025 3297 cunctaque,
1051 3220 1091 3273 ut
1107 3225 1151 3272 ex
1168 3201 1376 3298 longinqu0,

402 3323 504 3393 aucta
531 3321 568 3391 in
604 3319 751 3392 deterius
779 3319 1036 3408 adferebantur,
1065 3321 1181 3409 dolor,
1216 3320 1278 3395 ira.
1330 3323 1377 3392 Et

403 3439 633 3534 erumpebant
655 3437 818 3534 questus:
859 3438 988 3510 “Ideo
1012 3437 1179 3510 nimirum
1205 3439 1241 3512 in
1265 3459 1375 3512 extre-

405 3565 526 3629 “mas
553 3575 660 3628 terras
684 3557 901 3653 relegatum:
937 3556 1017 3629 ideo
1043 3556 1157 3630 Pisoni
1182 3557 1378 3654 permissam

405 3682 433 3719 “
450 3672 690 3771 provinciam:
718 3676 788 3748 hoc
803 3675 909 3772 egisse
934 3675 1078 3749 secretos
1102 3676 1269 3774 Augusta:
1295 3702 1377 3748 cum

405 3803 432 3841 “
450 3793 617 3866 Plancind
637 3791 833 3866 sermones:
860 3819 942 3868 vera
968 3793 1102 3892 prorsus
1122 3797 1166 3868 de
1193 3792 1307 3867 Druso
1328 3794 1378 3867 se-

404 3921 431 3956 “
450 3913 563 3985 niores
599 3915 760 3985 locutos:
801 3912 979 4010 displicere
1013 3913 1236 4010 regnantibus
1264 3912 1379 3990 civilia

404 4039 433 4086 ⁶‘
452 4031 603 4116 filiorum
625 4029 791 4130 ingenia:
821 4057 936 4134 neque
959 4033 1007 4110 ob
1031 4033 1125 4111 aliud
1152 4031 1376 4130 interceptos,
