3259 5284
390 563 456 634 128
594 561 947 644 ecorum
982 569 1188 648 Tncrrr

386 739 531 807 “more
558 736 738 834 rapiant>
765 739 828 812 Est
851 741 916 815 tibi
942 747 1108 842 Augustae
1137 746 1353 838 conscientia,

383 859 412 894 “
430 853 479 924 est
510 856 651 930 Caesaris
675 857 789 949 favor,
812 859 870 932 sed
901 861 935 933 in
961 866 1130 936 occulto:
1159 872 1192 938 δι
1220 867 1353 963 periisse

383 974 677 1049 “Germanicum
709 977 797 1050 nulli
834 975 1021 1075 jastantiirs
1050 1005 1207 1074 maerent,
1242 985 1351 1083 qudm

381 1091 487 1186 “qui
512 1093 665 1166 maxime
689 1097 858 1170 Iaetantur.

427 1213 633 1286 LXXVIII.
667 1217 794 1288 Hnuo
824 1219 953 1315 magna
978 1221 1073 1291 mole
1100 1219 1192 1310 Piso,
1232 1247 1351 1318 prom·

377 1347 457 1426 ptus
474 1327 660 1421 ferocibus,
673 1333 710 1405 in
726 1332 927 1410 sententiam
943 1337 1088 1412 trahitur
1101 1367 1110 1410 ε
1125 1338 1294 1436 miffisque
1304 1341 1349 1412 ad

376 1448 560 1522 Tiberium
577 1451 741 1553 epistolis,
770 1453 902 1528 incusat
928 1455 1178 1528 Germanicum
1206 1459 1349 1530 “luxus

377 1574 405 1610 ‘⁴
423 1572 458 1641 dc
474 1566 665 1664 superbiam
700 1569 804 1668 seque
834 1572 983 1669 pulsum,
1000 1593 1038 1647 ut
1055 1576 1150 1648 Iocus
1166 1577 1267 1649 rebus
1283 1602 1346 1648 no-

351 1693 404 1789 st}
421 1685 474 1759 vis
490 1689 677 1783 patefieret,
702 1715 823 1763 curam
840 1693 1021 1782 exercitiis,
1040 1693 1160 1766 eadem
1182 1695 1252 1766 fide
1277 1697 1348 1791 qud

374 1791 403 1848 ὲ(
420 1806 582 1894 tenuerit,
611 1807 843 1904 repetiviffe.''
892 1809 1001 1883 Simul
1014 1810 1214 1884 Domitium
1230 1813 1345 1910 impo-

373 1928 475 1998 srtum
504 1924 635 1998 triremi
665 1926 819 1998 “vitare
844 1927 988 2002 litorum
1013 1954 1122 2018 oram,
1156 1952 1348 2029 praeterque

373 2042 543 2117 “insulas
574 2047 646 2116 lato
673 2045 760 2116 mari
787 2070 929 2144 pergere
956 2047 992 2118 in
1023 2048 1183 2142 Syriam'’
1211 2046 1341 2144 jubet:

317 2230 322 2240 .
371 2182 616 2237 concurrentes
631 2161 816 2236 desertores
848 2189 907 2259 per
927 2165 1121 2261 manipulos
1144 2168 1341 2262 componit,

369 2302 481 2354 armat
498 2281 599 2368 lixas,
626 2278 818 2376 trajedtisqu
866 2281 902 2352 in
926 2280 1162 2353 continentem
1178 2284 1340 2374 navibus,

368 2400 538 2472 vexillum
560 2399 713 2471 tironum
738 2398 776 2470 in
798 2285 930 2494 Saeram
966 2397 1121 2471 euntium
1152 2397 1338 2499 intercipit.

369 2518 518 2616 Regulis
533 2516 682 2590 Cilicum
713 2499 795 2613 f“ut
824 2516 856 2590 se
887 2516 1022 2590 auxiliis
1048 2515 1233 2614 juvarent’'
1260 2519 1338 2593 scri-

369 2637 444 2722 bit;
471 2639 565 2710 haud
593 2631 728 2735 ignavo
745 2637 790 2708 ad
807 2635 993 2710 ministeria
1019 2635 1101 2710 belli
1124 2634 1255 2732 juvene
1278 2639 1336 2712 Pi·

368 2755 463 2846 sone,
491 2781 705 2853 quamquam
722 2753 972 2852 suscipiendum
989 2756 1119 2829 bellum
1136 2759 1312 2831 abnuiffet.

415 2878 592 2948 LXXIX.
627 2877 767 2948 Iorrun
794 2900 891 2948 oram
917 2874 1037 2971 Lyciae
1063 2901 1102 2948 ae
1123 2877 1337 2972 Pamphyliae

368 2998 603 3093 praelegentes,
642 2994 754 3067 obviis
792 2993 951 3084 navibuS,
991 3020 1068 3090 quae
1101 2993 1335 3091 Agrippinam

367 3117 552 3204 vehebant,
574 3112 747 3210 utrimque
773 3111 906 3203 infensr,
933 3138 1029 3184 arma
1054 3111 1168 3208 primo
1192 3113 1335 3208 expedi-

365 3234 448 3306 dre:
486 3233 566 3305 dein
599 3235 720 3305 mutua
745 3230 946 3321 formidine,
974 3257 1044 3302 non
1067 3233 1158 3302 ultra
1176 3227 1333 3328 jurgium

366 3353 556 3448 processum
571 3350 646 3422 est:
674 3349 877 3446 Marsusque
900 3348 1023 3422 Vibius
1039 3347 1210 3420 nuntiavit
1238 3348 1332 3422 Piso·

363 3470 414 3561 ni,
449 3477 476 3512 “
491 3473 646 3542 Romam
680 3470 725 3542 ad
766 3468 951 3541 dicendam
991 3466 1126 3539 causam
1166 3467 1332 3541 veniret.”

363 3591 427 3662 Ille
448 3589 591 3662 eludens
614 3583 800 3683 respondit,
826 3595 853 3628 “
872 3584 1086 3673 adfuturum,
1109 3585 1170 3657 ubi
1192 3606 1330 3682 praetor,

363 3708 472 3806 “qui
500 3709 545 3778 de
568 3705 743 3779 veneficiis
771 3725 949 3803 quareret,
977 3731 1035 3778 reo
1068 3725 1172 3800 atque
1195 3706 1330 3779 accusa-

364 3825 540 3898 “toribus
568 3825 663 3898 diem
692 3825 932 3923 praedixiffet.''
986 3823 1126 3896 Interim
1154 3824 1330 3898 Domitius

362 3945 589 4038 Laodiceam,
613 3947 737 4020 urbem
753 3942 873 4040 Syriae,
897 3941 1070 4042 adpulsus,
1083 3943 1167 4018 cum
1187 3942 1330 4016 hiberna
