3259 5284
344 510 411 585 140
536 490 579 563 C.
611 491 877 566 Cossum
912 492 1109 569 TActrr

330 689 401 736 non
411 664 526 755 alacri,
550 685 591 739 ut
602 664 745 755 adsolet,
771 666 933 765 remigio,
958 666 1016 741 sed
1034 662 1308 741 cunslisadtris·

327 781 440 857 titiam
464 784 671 882 compositis.
720 787 911 885 Postquam
935 788 1074 861 duobus
1089 812 1172 860 cum
1192 784 1307 858 liberis

328 898 469 977 feralem
481 929 603 979 umam
615 925 735 979 tenens
746 908 878 1005 egressa
892 906 987 994 navi,
1015 905 1139 981 defixit
1157 908 1305 990 oculos;

329 1020 425 1095 idem
442 1024 603 1098 omniurn
620 1024 785 1123 gemitus,
812 1050 929 1123 neque
945 1022 1161 1114 discerneres,
1190 1024 1308 1121 proxi·

331 1167 424 1232 mos,
463 1142 608 1233 alienos,
645 1144 801 1219 virorum
835 1143 1091 1219 feminarumve
1124 1144 1307 1241 planetus:

331 1261 391 1335 nist
409 1262 506 1360 quod
523 1263 730 1338 comitatum
747 1264 956 1361 Agrippina
969 1264 1078 1361 longo
1091 1260 1310 1336 maeroreses·

329 1380 419 1471 sum,
445 1381 543 1455 obvii
554 1388 588 1456 δι
599 1402 752 1457 recentes
768 1382 804 1455 in
822 1384 942 1456 dolore
954 1382 1140 1455 anteibant.

379 1503 425 1573 11.
438 1504 630 1575 M1ssnnr
643 1503 729 1575 duas
741 1501 917 1599 praetorias
929 1502 1084 1574 cohortes
1096 1498 1221 1589 Caesar,
1248 1500 1308 1573 ad·

333 1616 409 1693 dito
426 1627 504 1693 “ut
519 1620 735 1718 magistratus
752 1620 935 1709 Calabria,
958 1619 1189 1717 Apulique&
1201 1620 1306 1691 Cam-

331 1746 360 1781 “
377 1739 472 1835 pani,
498 1736 657 1834 suprema
672 1764 754 1837 erga
770 1737 976 1812 memoriam
1003 1737 1064 1810 filii
1090 1734 1140 1811 sui
1164 1762 1308 1811 munera

332 1864 360 1900 ‘⁶
378 1857 640 1955 fungerentur.’'
690 1857 801 1955 Igitur
812 1858 1033 1933 tribunorum
1044 1856 1305 1931 centurionum-

329 2001 400 2073 que
426 1977 581 2049 humeris
612 1977 743 2050 cineres
775 1980 1027 2073 portabantur:
1066 1976 1307 2073 precedebant

327 2094 510 2191 incompta
533 2100 641 2193 signa,
668 2099 752 2169 versi
780 2093 910 2184 fasces:
937 2116 1041 2193 atque
1066 2095 1127 2171 ubi
1153 2094 1305 2169 colonias

328 2210 655 2311 transgrederentur,
686 2233 794 2287 atrata
819 2216 951 2311 plebes,
992 2214 1135 2288 trabeati
1158 2213 1304 2311 equites,

330 2356 396 2428 pro
412 2332 538 2427 opibus
552 2332 635 2421 loci,
661 2332 804 2422 vestem,
832 2334 970 2423 odores,
995 2333 1130 2431 aliaque
1143 2332 1322 2407 funerum

328 2450 507 2523 sollemnia
516 2454 717 2525 crenubant
731 2480 740 2523 ε
768 2452 874 2525 etiam
887 2478 1039 2549 quorum
1055 2451 1187 2527 diversa
1202 2450 1303 2549 oppi-

328 2571 389 2661 da,
415 2590 534 2643 tamen
549 2571 661 2662 obvii,
688 2576 723 2645 &
739 2570 896 2645 victimas
913 2590 1016 2669 atque
1025 2598 1099 2647 aras
1110 2570 1175 2647 diis
1184 2570 1304 2645 Mani·

326 2693 393 2765 bus
408 2691 608 2782 statuentes,
634 2689 835 2765 lacrimis&
853 2690 1187 2765 conclamationibus
1204 2691 1303 2763 dolo-

327 2836 402 2883 rem
425 2811 647 2884 testabantur.
696 2811 830 2885 Drusus
853 2811 1080 2885 Tarracinam
1108 2810 1302 2906 progressus

326 2930 389 3020 est,
415 2956 498 3004 cum
509 2931 658 3005 Claudio
667 2929 784 3022 fratre,
804 2928 987 3028 liberisque
1004 2926 1219 3017 Gemianici,
1238 2928 1299 3024 qui

319 3050 364 3121 in
375 3052 478 3123 Urbe
486 3049 632 3123 firerant.
681 3048 849 3125 Consules
860 3052 919 3123 M.
945 3048 1100 3125 Valerius
1117 3052 1150 3121 ἃ
1167 3047 1209 3119 C.
1227 3052 1303 3123 Au·

326 3168 431 3242 relius
443 3167 532 3268 (jam
549 3169 642 3241 enim
658 3169 1147 3267 magistratumoccoeperant)
1162 3166 1301 3241 &sena-

326 3307 395 3377 tus,
423 3314 464 3361 ac
480 3312 609 3383 magna
625 3313 704 3383 pars
722 3287 844 3383 populi
861 3288 955 3360 viam
971 3288 1205 3383 complevere,
1230 3285 1301 3359 dis-

320 3402 419 3503 jeffi,
446 3409 531 3478 &ut
543 3404 669 3502 cuique
680 3404 834 3497 libitum,
861 3409 1007 3479 flentes:
1035 3408 1152 3479 aberat
1170 3403 1302 3501 quippe

325 3522 493 3615 adulatio,
519 3524 635 3623 gnaris
646 3522 812 3598 omnibus
825 3527 942 3598 laetam
957 3523 1100 3597 Tiberio
1117 3523 1301 3601 Germani·

324 3644 359 3717 ci
375 3664 526 3717 mortem
543 3643 633 3717 male
648 3642 863 3719 dissimulari.

373 3765 438 3837 111.
461 3764 659 3836 Truentus
690 3784 796 3861 atque
829 3764 991 3862 Augusta
1023 3762 1167 3861 publico
1198 3762 1300 3837 absti-

325 3884 455 3971 nuere3
477 3880 622 3958 inferius
636 3881 810 3981 majestate
822 3882 881 3960 sual
896 3881 975 3976 rati,
998 3886 1025 3959 fi
1038 3884 1154 3980 palam
1167 3884 1299 3961 lamen·
