3259 5284
377 581 463 672 xxti

374 771 506 826 morte¹
537 751 749 853 interrupte,
792 757 900 830 finem
948 757 1111 854 imposuit
1150 756 1351 833 Franciscus

373 873 520 962 Battus,
545 873 655 966 vitiis,
680 875 787 973 quim
805 875 992 950 virtutibus
1007 877 1158 951 similior.

422 994 468 1065 Iu
495 992 548 1065 his
564 995 785 1068 tentamentis
806 994 1024 1094 aliquamdiu
1039 995 1254 1071 substiterant
1264 998 1351 1070 Gal·

325 1157 330 1170 ι
374 1109 451 1186 licae
464 1111 587 1202 litere,
613 1114 696 1187 edm
713 1139 830 1188 recens
845 1140 910 1188 nos
932 1115 1045 1212 rapuit
1060 1115 1255 1188 studiorum
1282 1115 1350 1189 im·

373 1250 485 1328 pctus.
533 1234 631 1306 Tum
646 1231 741 1307 suam
759 1237 951 1308 versionem
975 1234 1154 1308 adornavit
1171 1235 1227 1310 ct.
1243 1237 1352 1310 Gua-

374 1371 479 1424 nrss:
522 1351 627 1426 aliam
671 1354 917 1445 meditabatur,
952 1353 1098 1453 jamque
1137 1378 1199 1452 pet
1241 1373 1353 1450 partes

372 1472 476 1544 edere
503 1491 657 1569 coeperat
677 1474 734 1557 Cl.
755 1497 805 1546 nn
824 1499 876 1549 nn
893 1479 1118 1562 Bnnrnnra3
1148 1495 1258 1572 quam
1279 1495 1353 1544 non

374 1589 501 1680 sinivit,
527 1611 639 1665 morte
656 1591 879 1691 interceptus.
921 1598 1013 1693 Qrae
1034 1595 1190 1681 deerant,
1210 1590 1354 1688 perfecit

374 1710 723 1786 Cl.Dorrnv1anu.
764 1713 1021 1811 interpretandi
1033 1714 1127 1811 leges
1138 1709 1353 1810 praescripfit,

375 1833 412 1904 dc
440 1832 486 1904 ad
511 1855 632 1905 earum
657 1829 806 1906 sormam
829 1833 951 1906 selesta
976 1835 1010 1905 dc
1039 1830 1218 1929 splendida
1237 1829 1356 1904 Taciti

375 1950 455 2023 loca
477 1952 635 2047 expteffit
661 1952 717 2024 Cl.
747 1953 1022 2026 n'Aanmnnnr.
1073 1952 1208 2023 Eorum
1234 1974 1354 2024 exem·

376 2067 445 2166 plis
462 2067 624 2166 famique
642 2071 756 2165 plures
773 2069 913 2143 excitati
930 2093 1038 2143 novas
1056 2089 1224 2166 apparant
1239 2069 1355 2142 Taciti

375 2185 684 2284 interpretationes.
733 2188 860 2288 Vigeat
889 2187 1082 2285 crescatque
1109 2188 1269 2286 egregius
1296 2187 1356 2261 ille

374 2308 491 2398 ardor,
517 2333 590 2406 quo
614 2307 768 2382 summus
795 2307 999 2405 scriptorum
1030 2307 1165 2403 imperii
1200 2303 1357 2380 Romani

377 2449 450 2498 non
467 2425 577 2500 modo
604 2427 699 2524 apud
727 2449 790 2500 nos
814 2426 928 2524 magis
947 2451 988 2500 ac
1009 2426 1122 2524 magis
1144 2423 1354 2515 inclarescct,

377 2545 436 2618 sed
454 2548 477 2618 st
495 2543 553 2619 sust
572 2571 657 2618 curn
679 2545 715 2618 vi
732 2571 773 2620 ac
797 2545 965 2620 brevitate
980 2545 1226 2642 exprimimus,
1255 2568 1357 2641 mag-

377 2689 465 2738 num
492 2663 634 2738 accedet
661 2663 843 2738 literaturae
880 2663 1004 2740 nostra
1033 2664 1204 2738 decus&
1233 2661 1357 2736 incita-

377 2801 550 2857 mentum.

415 2905 471 2976 ts
494 2903 561 2977 hoc
588 2921 705 2977 autem
721 2903 1009 3000 interpretationis
1026 2927 1154 3002 genere
1177 2926 1249 2975 non
1265 2901 1356 2974 stetit

375 3021 490 3097 Taciti
507 3021 714 3096 admiratio:
740 3023 890 3096 alterum
905 3022 1134 3119 excogitavit,
1158 3021 1232 3118 qud
1248 3021 1355 3095 licen·

376 3141 446 3214 tius
472 3139 726 3237 exspatiaretut.
774 3140 974 3214 illustriores
998 3140 1125 3214 scilicet
1141 3141 1256 3214 Taciti
1282 3139 1357 3214 sen·

376 3259 493 3332 tentia·
521 3260 764 3358 praecipuaque
790 3262 910 3349 verba,
933 3278 1117 3358 tamquam
1145 3258 1306 3356 primaria
1321 3263 1357 3331 δι

379 3381 519 3475 propria
546 3376 720 3475 sapientiae
738 3379 909 3476 principia
934 3378 1011 3452 sunt
1028 3398 1204 3476 excerpta,
1232 3376 1358 3476 ampli-

378 3497 495 3588 ficata,
521 3517 597 3572 tum
615 3517 787 3589 vetemm,
818 3515 896 3571 tum
923 3496 1114 3571 recentium
1131 3516 1274 3571 aetatum
1297 3521 1360 3570 ex·

377 3615 503 3713 emplis
525 3619 764 3714 comprobata.
814 3617 898 3691 Hac
928 3616 964 3690 in
980 3615 1174 3692 studiorum
1189 3615 1357 3715 palaestrd,

377 3735 571 3832 speciosiori
588 3734 691 3826 sorti,
720 3737 830 3833 quim
846 3736 990 3826 utiliori,
1023 3736 1126 3810 multi
1144 3736 1231 3811 inter
1253 3738 1359 3810 Italos

379 3854 599 3944 desudarunt,
617 3881 767 3952 quorum
784 3855 981 3928 nobiliffimi
997 3855 1073 3930 sunt
1089 3855 1206 3952 Scipio
1220 3861 1358 3929 Antist»

382 3995 501 4066 nato,
537 3973 703 4082 Ascanius
734 3977 1024 4066 Ptccotonatur,
1062 3973 1232 4074 Trajanus
1264 3978 1360 4050 Boc·
