3259 5284
508 570 1039 645 AnnrtruanV.
1187 593 1256 667 ²49

290 742 531 816 ululatibus&
550 744 696 841 gemitu,
719 740 886 841 conjuges
903 763 961 815 aut
989 742 1113 814 liberos
1139 739 1258 812 nosce·

291 863 386 933 bant.
436 865 517 956 Jam
535 862 637 936 ceteri
654 863 746 937 famal
762 862 881 950 exciti,
909 860 966 934 hic
993 859 1148 948 fratrem,
1178 884 1258 955 pro·

291 978 465 1076 pinquum
505 982 576 1069 ille,
611 981 695 1054 alius
727 1000 884 1077 parentes
913 978 1113 1053 lamentari:
1154 978 1260 1049 etiam

290 1124 442 1195 quorum
457 1097 592 1172 diversa
609 1101 653 1172 de
669 1102 770 1173 causd
791 1098 895 1171 amici
912 1118 973 1171 aut
990 1096 1162 1171 neceffarii
1178 1098 1260 1168 abe-

289 1238 378 1306 rant,
406 1242 532 1314 pavere
548 1241 664 1290 tamen
679 1248 689 1303 ;
716 1218 934 1314 nequedum
952 1237 1145 1313 comperto,
1171 1239 1259 1312 quos

290 1335 350 1408 illa
365 1336 418 1409 vis
437 1338 643 1434 perculiffet,
671 1336 770 1409 latior
786 1363 831 1409 ex
848 1336 979 1409 incerto
1003 1358 1126 1409 merua.

337 1457 472 1528 LXIII.
504 1458 566 1529 Ur
597 1481 759 1529 conane
785 1454 956 1527 dimoveri
990 1457 1139 1539 obruta3
1174 1478 1259 1526 con-

289 1574 405 1649 cursus
433 1576 477 1647 ad
508 1576 701 1662 exanimos,
732 1573 1050 1671 complectentium,
1077 1571 1260 1646 osculanti-

289 1720 374 1765 um:
408 1698 440 1767 δι
459 1694 548 1790 saepe
564 1716 751 1784 certamen,
771 1691 982 1765 ficonfustor
998 1690 1113 1780 facies,
1133 1695 1181 1792 ¹&
1200 1716 1262 1787 pat

288 1810 417 1900 forma,
436 1832 494 1885 aut
511 1835 607 1901 aetas,
631 1836 779 1884 errorem
806 1810 1096 1908 adgnoscentibus
1121 1808 1259 1883 fecerat.

289 1928 555 2026 Qinquaginta
569 1930 752 2002 hominum
771 1912 893 2018 millia,
912 1954 954 2002 eo
971 1927 1048 2002 casu
1064 1928 1258 2019 debilitata,

289 2050 346 2120 vel
364 2047 489 2121 obtrita
510 2046 596 2121 sunt.
645 2050 868 2143 Cautumque
900 2048 937 2120 in
967 2047 1142 2143 posterum
1165 2047 1259 2120 sena-

292 2164 516 2256 tusconsulto,
545 2174 630 2239 “ne
648 2167 725 2265 quis
745 2167 993 2265 gladiatorium
1010 2193 1140 2240 munus
1177 2168 1257 2239 ede·

292 2293 320 2331 “
339 2306 403 2375 ret,
434 2286 490 2359 cui
522 2286 636 2359 minor
650 2285 983 2383 quadringentorum
1000 2285 1153 2359 millium
1180 2312 1258 2372 res;

290 2410 318 2447 “
336 2429 424 2477 neve
440 2405 733 2501 amphitheatrum
748 2405 995 2501 imponeretur,
1022 2406 1084 2477 nist
1111 2404 1184 2481 solo
1200 2408 1260 2477 fir·

291 2531 319 2567 “
337 2523 464 2597 mitatis
492 2524 689 2620 speetatae.''
756 2524 885 2597 Atilius
912 2524 949 2597 in
980 2524 1141 2597 exfilium
1165 2528 1261 2597 aetus

288 2642 346 2715 est.
395 2642 560 2715 Ceterum
578 2642 640 2715 sub
656 2664 831 2715 recentem
848 2646 983 2717 cladem
1013 2645 1154 2740 patudre
1179 2669 1260 2739 pro-

289 2786 407 2833 cerum
423 2762 563 2849 domus,
581 2761 748 2850 fomenta,
768 2761 944 2835 &medici
962 2764 1080 2858 paffim
1098 2762 1257 2858 praebiti:

288 2878 424 2977 fuitque
439 2882 534 2951 Urbs
552 2905 614 2976 per
629 2880 707 2953 illos
722 2880 808 2970 dies,
833 2906 1047 2979 quamquam
1074 2881 1192 2955 maestal
1208 2881 1258 2954 fa·
1326 2920 1331 2923 -

288 2997 356 3089 cie,
383 3019 541 3071 vetemm
569 2998 729 3073 institutis
755 3000 884 3090 similis,
919 3000 981 3096 qui
1019 3026 1149 3098 magna
1184 3002 1261 3099 post

285 3117 407 3214 proelia
424 3116 551 3191 saucios
568 3119 760 3215 largitione,
788 3122 822 3191 δι
840 3123 922 3192 curd
938 3117 1179 3191 sustentabant.

335 3238 470 3309 LXIV.
493 3239 676 3309 Nounum
692 3263 733 3309 ea
748 3238 863 3309 clades
881 3239 1091 3326 exoleverat,
1106 3237 1189 3311 cum
1205 3238 1259 3337 ig·

287 3354 340 3427 nis
357 3354 522 3428 violentia
539 3358 676 3429 Urbem
693 3357 784 3427 ultra
800 3354 938 3428 solitum
968 3354 1110 3445 adfecit,
1139 3358 1260 3431 deusto

288 3495 408 3547 monte
435 3475 568 3547 Caelio:
607 3482 634 3517 “
653 3473 885 3571 feralemque·
899 3476 1056 3548 annum”
1089 3474 1259 3567 ferebant,

287 3600 316 3639 “
335 3597 369 3664 δι
385 3592 561 3667 ominibus
578 3596 725 3667 adverfis
742 3591 936 3690 susceptum
956 3592 1105 3689 Principi
1124 3597 1260 3669 confili-

288 3718 316 3754 “
334 3738 397 3784 um
424 3711 623 3802 absentiae,''
647 3712 709 3809 qui
727 3738 801 3785 mos
819 3714 943 3810 vulgo,
968 3711 1107 3784 fortuita
1122 3715 1167 3785 ad
1185 3718 1260 3788 cul·

288 3854 370 3925 pam
399 3832 583 3919 trahentes,
613 3829 650 3901 ni
666 3830 780 3904 Caesar
796 3830 939 3903 obviam
956 3831 1042 3923 ilset,
1076 3831 1261 3907 tribuendo

283 3946 449 4059 pecunias
465 3974 509 4023 ex
526 3951 636 4024 modo
653 3949 862 4024 detrimenti.
897 3952 1068 4048 Aelaeque
1084 3951 1115 4025 ei
1133 3973 1259 4050 grates,
