3259 5284
445 572 751 640 nnuman
785 567 987 639 er.1V.'
1179 592 1246 646 221

275 749 306 786 “
323 760 415 830 tum,
443 740 579 815 &salsa
602 741 827 815 exterritum:
855 740 962 837 idque
985 737 1083 811 sacile
1099 736 1252 812 intellec·

277 868 308 905 “
326 882 379 951 tu,
407 865 430 934 sr
460 863 684 958 proderentur
712 859 791 932 alii:
831 884 902 931 non
931 856 1028 937 enim
1055 854 1089 930 se
1116 860 1252 931 caedem
1327 850 1331 857 ’

276 987 306 1025 “
323 981 506 1077 Principis,
532 982 638 1053 &res
659 1005 780 1069 novas,
804 971 875 1051 uno
897 976 1005 1067 soci0,
1029 977 1228 1075 cogitaffe.''

325 1103 467 1175 XXIX.
492 1100 589 1171 Turn
618 1098 793 1172 accusator
826 1104 853 1141 “
871 1098 938 1169 Cn.
971 1096 1178 1187 Lentulum,
1218 1103 1253 1171 δι

276 1219 441 1292 “Seium
462 1220 731 1308 Tuberonem,''
755 1216 938 1291 nominat:
966 1240 1097 1312 magno
1119 1216 1254 1313 pudore'

274 1334 431 1430 Caesaris,
461 1338 544 1412 edm
573 1337 742 1435 primores
769 1336 930 1425 civitatis,
956 1334 1069 1407 intimi
1090 1334 1194 1431 ipsius
1216 1363 1253 1409 a·

273 1458 372 1550 miei,
407 1461 581 1534 Lentulus
608 1455 786 1530 senectutis
818 1474 994 1544 extremae,
1021 1454 1166 1528 Tubero
1188 1457 1250 1528 de-

274 1578 368 1652 fedo
381 1604 540 1675 corpore,
567 1577 737 1649 tumultus
759 1573 902 1663 hostilia,
930 1578 963 1647 ἃ
986 1574 1166 1645 turbandae
1186 1574 1251 1649 rei·

275 1697 426 1793 publicae
449 1697 706 1769 arcesserentur.
732 1694 802 1765 Sed
824 1692 860 1764 hi
885 1690 1031 1788 quidem
1052 1692 1167 1766 statim
1184 1696 1246 1767 ex·

275 1816 398 1911 empti.
446 1817 489 1887 In
505 1833 653 1911 patrem,
678 1838 722 1885 ex
738 1811 841 1885 servis
860 1816 1065 1907 quaesrtum:
1095 1816 1129 1885 δι
1142 1814 1251 1911 quaes-

272 1933 322 2005 tio
346 1934 486 2006 adversa
510 1931 694 2006 accusatori
710 1929 798 2003 suit:
827 1929 887 2027 qui
904 1926 1028 2003 scelere
1045 1956 1180 2023 vecors,
1207 1937 1248 2006 sr-

275 2053 351 2125 mul
380 2055 478 2150 vulgi
509 2076 648 2125 rumore
676 2050 828 2140 territus,
866 2051 1018 2121 “robur
1051 2054 1085 2122 δι
1115 2048 1251 2141 saxum,

276 2178 305 2215 “
322 2191 382 2245 aut
411 2171 659 2269 parricidarum
693 2171 840 2267 poenas''
872 2167 1122 2259 minitantium,
1154 2168 1250 2242 cessir

274 2292 400 2365 Urbe:
427 2317 467 2364 ac
491 2292 655 2364 retrastus
684 2290 868 2379 Ravenna,
894 2286 1036 2385 exsequi
1065 2287 1252 2363 accusatio-

273 2435 357 2482 nem
378 2409 553 2507 adigitur3
580 2434 652 2482 non
672 2410 868 2486 occultante
894 2406 1038 2481 Tiberio
1059 2428 1158 2481 vetus
1176 2409 1252 2481 odi·-

273 2554 352 2617 um,
370 2528 536 2602 adversbs
552 2527 705 2601 exsulem
722 2532 898 2601 Serenum.
947 2527 1043 2599 Nam
1061 2527 1137 2623 post
1153 2529 1253 2601 dam-

273 2667 395 2719 natum
411 2647 604 2736 Libonem,
630 2646 733 2719 missis
755 2649 799 2718 ad
816 2643 984 2718 Caesarem
1002 2644 1105 2718 literis
1121 2672 1251 2743 expro-

273 2767 448 2855 braverat,
478 2772 506 2807 “
523 2763 623 2837 suum
639 2785 775 2837 tanturn
801 2764 955 2837 studium
974 2768 1043 2837 fine
1066 2762 1179 2837 fructu
1197 2764 1251 2839 su-

274 2890 303 2927 “
320 2883 380 2955 iffe
395 2911 404 2954 :
419 2886 441 2915 '³
478 2882 729 2981 addideratque
780 2884 942 2980 quaedam
994 2885 1249 2975 contumacius,

274 3004 384 3100 quam
393 3022 510 3076 tutum
526 3004 622 3099 apud
639 3027 734 3075 aures
746 3001 909 3098 superbas
927 3005 960 3073 Sc
974 3003 1149 3075 offensroni
1169 3030 1251 3101 pro-

271 3122 397 3195 niores.
433 3125 486 3195 Ea
501 3121 614 3195 Caesar
627 3123 707 3193 osto
724 3121 800 3217 post
818 3147 925 3197 annos
942 3123 1071 3213 retulit,
1091 3124 1251 3200 medium

273 3262 414 3339 tempus
433 3240 530 3314 varie
547 3265 721 3339 arguens;
748 3240 853 3314 etiarn
878 3245 901 3314 fi
924 3260 1108 3335 tormenta,
1134 3247 1251 3343 pervia

271 3364 368 3436 cacia
383 3359 577 3449 servorum,
603 3360 724 3434 contra
741 3360 940 3434 evenissent.

320 3483 444 3555 XXX.
475 3483 615 3554 Drcrrs
641 3479 724 3553 dein
751 3478 938 3570 sententiis,
975 3487 1004 3525 “
1033 3504 1074 3557 ut
1104 3487 1251 3563 Serenus

272 3606 421 3671 “more
449 3597 619 3697 majorum
647 3600 870 3697 puniretur,”
896 3600 968 3698 qud
993 3602 1142 3677 molliret
1160 3606 1250 3681 invi-

271 3715 383 3804 diam,
418 3716 612 3791 intercesfit.
662 3720 786 3792 Gallus
810 3718 961 3811 Afinius,
1006 3725 1168 3819 “Gyaro
1191 3747 1251 3802 aut

273 3836 465 3909 “Donusa
484 3838 744 3910 claudendum''
786 3836 941 3911 censere:
968 3839 1006 3917 id
1031 3867 1173 3941 quoque
1199 3846 1250 3919 as·

271 3974 433 4071 pernatus
476 3954 540 4045 est,
579 3960 773 4055 “egenam
812 3983 912 4055 aquae
938 3963 1131 4060 'utramque
1160 3964 1251 4039 insu,
