3259 5284
281 739 348 854 o
468 705 1248 865 cornuum

458 993 1081 1131 TACJTJ

389 1287 1128 1396 ANNALES.

354 1519 362 1532 ’
491 1570 707 1644 LIBER
754 1571 1039 1648 ruimus,

469 1809 1052 1848 w

279 1971 466 2120 Unurn
500 2031 658 2101 Romu
700 2053 721 2100 a
753 2026 925 2126 principio
956 2053 1051 2126 reges
1084 2028 1245 2102 habuere.

275 2144 489 2218 Libertatem
508 2151 541 2219 δι
559 2145 771 2221 consulatum
787 2151 833 2221 L.
846 2151 969 2221 Brutus
985 2146 1140 2220 instituit.
1157 2147 1244 2222 Dic·

275 2283 395 2338 taturae
427 2267 642 2372 admtempus
669 2265 912 2342 sumebantur:
946 2292 1062 2365 neque
1104 2267 1244 2340 decern-

276 2382 388 2455 viralis
426 2384 570 2480 potestas
601 2387 690 2458 ultra
721 2386 916 2478 biennium,
943 2411 1057 2484 neque
1088 2384 1244 2459 tribuno·
1343 2443 1348 2448 .

273 2525 352 2575 rum
394 2502 546 2575 militum
584 2503 757 2578 consulare
786 2503 846 2602 jus
886 2505 947 2579 diu
989 2503 1109 2578 valuit.
1158 2507 1245 2578 Non

274 2619 410 2712 Cinnae,
436 2619 507 2696 non
531 2624 634 2697 Sullae
660 2625 765 2721 longa
790 2623 995 2697 dominatio:
1025 2630 1057 2696 δι
1084 2625 1245 2721 Pompeii

274 2739 447 2838 Crassique
459 2741 625 2838 potentia,
640 2741 710 2815 cito
722 2741 757 2814 in
773 2741 963 2827 Caesarem3
978 2740 1121 2837 Lepidi,
1139 2764 1245 2839 atque

275 2859 420 2932 Antonii
453 2887 559 2950 arma,
586 2861 622 2934 in
651 2861 850 2959 Augustum
867 2861 989 2933 ceffilre
1001 2889 1012 2945 ;
1031 2860 1093 2955 qui
1122 2865 1247 2935 cunda

274 2977 448 3052 discordiis
465 2979 625 3054 civilibus
642 2979 735 3069 sessa,
762 2978 903 3051 nomine
924 2978 1084 3072 Princrpis
1097 2977 1160 3051 sub
1176 2979 1243 3052 im-

275 3097 408 3193 perium
425 3099 568 3197 accepit.
617 3099 685 3172 Sed
701 3097 824 3171 veteris
840 3095 963 3196 populi
981 3097 1134 3170 Romani
1151 3097 1244 3194 pros·
1382 3093 1387 3104 ’

274 3241 368 3314 pera,
381 3221 437 3291 vel
449 3217 598 3308 adversa,
613 3218 708 3292 claris
718 3216 934 3314 scriptoribus
945 3236 1133 3290 memorata
1141 3217 1219 3288 sunt
1233 3247 1242 3290 :

273 3337 553 3435 temporibusque
564 3337 712 3435 Augusti
725 3334 880 3410 dicendis
891 3334 1110 3409 nondesudre
1122 3337 1245 3411 decora

273 3453 425 3554 ingenia,
451 3457 563 3531 donec
580 3455 743 3567 glise—ente
774 3454 971 3528 adulatione
986 3456 1244 3530 deterrerentur.

274 3573 419 3666 Tiberii,
433 3574 592 3673 Caiique,
608 3581 640 3648 δι
653 3573 805 3663 Claudii,
824 3600 864 3646 ac
879 3572 1030 3646 Neronis
1042 3598 1106 3662 res,
1121 3577 1245 3647 floren-

274 3692 367 3767 tibus
379 3694 473 3791 -ipsrs‚
491 3697 687 3802 obruetum
704 3691 815 3779 falste3
836 3692 1017 3789 postquam
1034 3691 1244 3782 occiderant,

275 3811 467 3886 recentibus
496 3791 592 3886 odiis
612 3805 809 3908 composita
826 3810 914 3882 sunt.
963 3811 1050 3884 lnde
1065 3810 1245 3883 confilium

273 3929 362 4006 mihi
380 3957 489 4030 pauca
504 3933 549 4006 de
566 3931 739 4032 August0‚
766 3933 799 4040 br
819 3950 972 4005 extrema
987 3931 1141 4010 tradere:
1160 3954 1246 4005 mox

721 4051 750 4124 Β
767 4076 788 4123 2
