3259 5284
431 632 739 707 Annasrurr
773 626 883 702 Lrs.
907 622 970 699 111.
1130 644 1194 721 147

228 816 256 855 '‘
272 802 397 885 satores
412 808 538 881 hortor.
587 808 629 880 Id
645 805 755 880 sollum
768 801 977 877 Germanico
989 798 1088 896 super
1105 800 1199 897 leges

226 936 256 973 ‘⁴
274 927 540 1026 praestiterimus,
570 926 666 1022 quod
694 924 732 997 in
759 923 854 996 curia
882 920 993 1019 potiris
1021 920 1128 1017 quam
1162 918 1198 990 in

228 1052 259 1089 “
272 1046 362 1138 soro,
401 1048 496 1143 apud
523 1040 678 1118 senatum
714 1040 822 1141 quam
852 1039 946 1137 apud
971 1035 1119 1135 judices,
1153 1038 1198 1108 de

228 1149 387 1239 “morte
418 1164 490 1263 ejus
526 1162 741 1261 anquiritur:
773 1180 885 1234 cetera
923 1157 996 1255 pari
1032 1155 1200 1229 modesti&

227 1290 257 1328 “
275 1286 482 1359 trallentur:
513 1306 619 1356 nemo
641 1284 746 1355 Drusr
773 1279 944 1368 lacrimas,
969 1302 1073 1349 nemo
1100 1268 1198 1347 maes-

228 1401 384 1477 “titiam
405 1428 519 1475 meam
543 1398 684 1499 spectet,
708 1424 773 1473 nec
790 1402 813 1471 sr
828 1424 897 1496 qua
921 1396 959 1469 in
984 1420 1046 1469 nos
1062 1390 1202 1468 adversa

231 1526 260 1565 ⁶‘
277 1523 494 1619 finguntur.'’

277 1641 377 1714 Xlll.
404 1644 510 1713 Exrrr
533 1644 560 1683 “
575 1637 725 1711 biduum
748 1634 950 1711 criminibus
976 1628 1202 1733 objiciendis’'

230 1755 401 1847 statuitur,
443 1762 597 1854 “utque
623 1755 681 1828 sex
711 1757 846 1829 dierum
873 1753 982 1851 spatio
1010 1751 1201 1851 interjeelo¹

232 1884 260 1921 “
278 1901 356 1950 reus
382 1900 443 1971 per
466 1874 617 1947 triduum
641 1872 917 1947 defenderetur.”
964 1874 1061 1945 Tum
1085 1874 1115 1945 F
1116 1871 1202 1945 ulci-

232 1994 308 2067 nius
322 2014 438 2067 vetera
452 1997 486 2067 bc
505 1992 620 2066 inania
636 1994 781 2084 orditur,
810 1992 1005 2082 ambitiose,
1030 1994 1204 2087 avareque

232 2111 387 2185 habitam
422 2110 641 2209 Hispaniam.
706 2113 814 2210 Qrod
853 2136 967 2210 neque
1003 2108 1204 2184 convielum

231 2256 337 2305 noxae
360 2256 434 2321 reo,
460 2232 485 2302 fi
508 2231 658 2303 recentia
681 2252 865 2329 purgarem
895 2254 1010 2329 neque
1025 2226 1206 2302 defensum

230 2348 433 2425 absolutioni
461 2368 546 2439 erat,
581 2352 605 2423 sr
632 2368 804 2423 teneretur
836 2348 1022 2448 majoribus
1054 2346 1204 2446 flagitiis.

231 2468 313 2543 Post
341 2492 446 2566 quem
479 2470 646 2560 Servaeus,
684 2474 718 2543 ac
745 2469 924 2559 Veranius,
968 2474 1001 2541 δε
1030 2465 1204 2555 Vitellius,

232 2585 400 2661 consimili
433 2586 560 2675 studio,
586 2584 644 2659 sed
669 2590 778 2661 multa
802 2588 1000 2685 eloquential
1033 2584 1205 2673 Vitellius,

233 2703 406 2802 objecere,
442 2704 571 2776 “odio
592 2704 806 2794 Germanici,
837 2711 871 2779 δι
896 2732 1013 2779 rerum
1038 2728 1207 2776 novarum

233 2827 262 2865 “
279 2822 405 2911 studio,
432 2820 590 2894 Pisonem
606 2824 735 2921 vulgus
758 2822 925 2913 militum,
953 2849 1015 2921 per
1031 2822 1206 2896 licentiam

233 2944 263 2981 “
282 2944 316 3013 δι
344 2936 514 3013 sociorum
544 2938 694 3038 injurias,
728 2942 770 3014 eb
793 2940 900 3039 usque
928 2940 1127 3040 corrupisse,
1167 2958 1207 3013 ut

235 3064 263 3101 “
276 3078 394 3155 parens
417 3057 565 3154 legionum
588 3084 609 3131 a
633 3059 822 3132 deterrimis
848 3063 1096 3157 appellaretur:
1123 3084 1206 3132 con*

235 3182 264 3219 “
281 3177 347 3266 trit,
376 3176 413 3249 in
429 3175 603 3273 optimum
620 3202 809 3276 quemque,
840 3178 993 3251 maxime
1009 3179 1046 3251 in
1062 3178 1208 3252 comites

235 3302 263 3337 “
280 3298 314 3366 δι
347 3294 478 3369 amicos
511 3296 724 3387 Germanici,
754 3295 907 3371 saeviffe:
944 3296 1120 3395 postremo
1153 3298 1206 3395 ip-

232 3420 261 3457 “
277 3413 352 3487 sum
380 3414 623 3488 devotionibus
656 3419 690 3489 δι
714 3439 852 3489 veneno
878 3418 1080 3515 peremille:
1114 3416 1208 3490 sacra

233 3539 261 3575 “
278 3532 359 3607 hinc
397 3538 432 3607 δι
471 3533 724 3607 immolationes
763 3536 927 3609 nefandas
963 3536 1067 3633 ipsius
1105 3556 1208 3634 atque

234 3658 264 3695 “
282 3652 478 3727 Plancina:
506 3654 650 3749 petitam
672 3654 775 3728 armis
797 3656 1072 3753 rempublicam
1098 3676 1208 3755 utque

235 3776 263 3815 “
279 3795 355 3843 reus
370 3772 427 3869 agi
443 3775 563 3867 pollet,
585 3772 657 3846 acie
673 3774 844 3847 victurnl’

280 3891 379 3963 XIV.
420 3889 623 3964 Durrnsro
657 3891 693 3964 in
725 3892 848 3965 cereris
878 3893 1089 3991 trepidavit:
1121 3922 1205 3973 nam

234 4029 350 4106 neque
366 4006 596 4083 ambitionem
612 4011 811 4108 militarem,
841 4038 955 4112 neque
989 4016 1207 4115 provinciam

676 4132 757 4204 La
