3259 5284
393 625 460 721 176
583 618 1194 695 ceonrrnuTrcrrr

388 793 450 868 tris
477 801 511 869 bc
541 823 661 895 ganeae
692 817 843 895 paratus,
873 796 1021 871 adsiduis
1049 794 1265 870 sermonibus
1292 792 1371 869 vul·

390 914 477 1013 gati,
508 912 659 991 fecerant
675 942 811 1007 curam,
845 942 889 989 ne
905 916 1074 1013 Princeps
1090 914 1242 1013 antiquae
1259 916 1371 1011 parci-

386 1034 678 1125 moniae,durii1s
710 1038 916 1109 adverteret.
983 1038 1079 1109 Nam
1112 1033 1297 1131 incipiente
1326 1036 1369 1108 C.

387 1155 528 1245 Bibulo,
547 1157 649 1229 ceteri
667 1182 810 1254 quoque
827 1157 943 1229 aediles
959 1155 1196 1242 disserueram,
1216 1161 1244 1196 “
1257 1153 1368 1251 sperni

387 1274 682 1374 “sumptuariam
709 1276 841 1372 legem,
867 1275 1044 1372 vetitaque
1071 1272 1269 1346 utensrlium
1293 1298 1369 1370 pre-

389 1395 484 1469 “tia
511 1396 632 1493 augeri
657 1395 693 1467 in
726 1395 819 1469 dies:
848 1418 912 1467 nec
945 1392 1179 1467 mediocribus
1207 1392 1369 1465 remediis

388 1518 417 1559 “
435 1513 502 1587 srsli
535 1517 628 1611 posse
644 1515 681 1587 :''
722 1519 756 1587 bc
793 1512 942 1587 consulti
972 1534 1097 1609 patres,
1127 1511 1303 1611 integrum
1332 1512 1370 1585 id

385 1631 569 1732 negotium
596 1636 641 1707 ad
657 1634 856 1731 Principem
873 1634 1087 1706 distulerant.
1137 1633 1205 1705 Sed
1229 1632 1367 1705 Tiberi-

386 1779 443 1843 us,
470 1752 558 1851 saepe
573 1754 668 1850 apud
685 1752 719 1825 se
747 1757 931 1850 pensitato,
956 1779 1002 1826 an
1027 1751 1178 1825 coerceri
1192 1769 1265 1824 tam
1285 1777 1366 1849 pro-

386 1872 469 1947 susae
487 1872 669 1969 cupidines
687 1875 823 1969 possent
834 1902 844 1959 ;
864 1899 950 1946 num
969 1870 1132 1945 coercitio
1150 1873 1228 1967 plus
1244 1870 1369 1943 damni

386 1992 424 2065 in
450 1992 705 2089 rempublicam
732 1990 862 2079 ferret;
891 1992 999 2091 quim
1015 1990 1221 2065 indecorum
1236 1990 1368 2063 adtrec-

386 2132 459 2185 tare
483 2114 581 2209 quod
606 2138 679 2184 non
696 2112 890 2197 obtineret;
918 2113 975 2184 vel
1003 2130 1193 2199 retentum,
1216 2110 1368 2206 ignomi-

387 2231 483 2304 niam
511 2236 546 2304 &
575 2230 758 2305 infamiam
782 2230 940 2303 virorum
963 2230 1159 2303 inlustrium
1188 2226 1367 2326 posceretr

388 2338 567 2447 postremb
597 2350 707 2423 literas
736 2351 782 2421 ad
811 2348 966 2423 senatum
983 2347 1193 2445 composuit,
1220 2370 1370 2446 quarum

388 2469 554 2543 sententia
570 2469 608 2542 in
624 2470 719 2542 hunc
736 2471 886 2543 modum
902 2470 979 2543 fuit.
1144 2558 1146 2565 Ι

436 2590 536 2664 Llll.
562 2597 590 2632 “
607 2590 786 2663 Cernnrs
800 2586 938 2663 forsitan
956 2589 993 2661 in
1016 2588 1132 2682 rebus,
1150 2605 1263 2687 patres
1280 2614 1364 2661 con·

388 2717 417 2753 “
434 2708 562 2807 scripti,
584 2709 697 2807 magis
722 2708 885 2807 expediat
921 2734 979 2781 me
1005 2736 1125 2782 coram
1147 2707 1366 2805 interrogari,

390 2837 418 2873 “
437 2836 471 2903 δι
494 2828 610 2903 dicere
647 2829 781 2925 quide
812 2828 990 2925 republicb
1017 2826 1197 2901 censeam:
1230 2828 1267 2899 in
1301 2830 1368 2899 hac

389 2958 418 2993 “
435 2950 612 3041 relatione,
642 2946 793 3022 subtrahi
822 2949 942 3022 oculos
966 2974 1063 3021 meos
1081 2947 1202 3020 melius
1220 2946 1298 3037 suit,
1325 2972 1369 3020 ne

389 3077 418 3112 “
436 3068 684 3144 denotantibus
708 3068 809 3141 vobis
826 3093 901 3157 ora,
927 3094 967 3142 ac
985 3089 1121 3141 metum
1134 3067 1368 3165 fingulorum,

388 3194 417 3231 “
435 3188 496 3285 qui
532 3187 688 3284 pudendi
729 3188 833 3260 luxus
866 3206 1108 3285 arguerentur,
1159 3186 1228 3281 ipse
1262 3185 1367 3257 etiam

389 3312 416 3349 “
435 3306 593 3378 viderem
610 3332 682 3393 eos,
705 3331 745 3378 ac
768 3306 866 3378 velut
883 3308 1193 3402 deprehenderem.
1222 3304 1368 3403 Qibdsr

390 3434 418 3469 “
437 3450 580 3497 mecum
596 3424 676 3496 ante
689 3423 754 3496 viri
770 3424 910 3514 strenui,
937 3424 1067 3513 aediles,
1104 3424 1285 3497 consilium
1307 3426 1369 3497 lra-

388 3554 416 3588 “
437 3545 607 3630 buiffent3
643 3542 757 3615 nescio
790 3570 835 3615 an
862 3542 1015 3615 suasurus
1050 3540 1175 3614 fuerim
1204 3544 1370 3615 omittere

394 3672 422 3707 ‘⁴
441 3661 558 3761 porius'
581 3660 769 3761 praevalida
803 3667 837 3734 dc
872 3662 991 3734 adulta
1024 3660 1123 3752 vitia,
1164 3665 1272 3760 quam
1306 3664 1375 3735 hoc

390 3790 418 3825 “
436 3781 592 3880 adsequi,
627 3803 667 3854 ut
692 3783 808 3879 palam
828 3774 946 3873 seret,
981 3781 1107 3879 quibus
1141 3782 1279 3879 flagitiis
1302 3782 1370 3854 im-

390 3911 419 3946 “
438 3928 535 4001 pares
563 3903 735 3975 essemus:
769 3900 828 3974 sed
861 3902 912 3975 illi
952 3902 1096 3999 quidem
1120 3901 1236 3975 officio
1258 3899 1370 3973 functi

391 4031 420 4067 “
436 4022 528 4114 sunt,
549 4043 588 4095 ut
607 4042 740 4097 ceteros
758 4048 901 4120 quoque
921 4021 1141 4121 magistratus
1168 4020 1227 4095 sua
1251 4020 1371 4095 munia
