3259 5284
518 569 827 638 Auuurrun
861 563 1043 636 Linll.
1204 585 1270 661 105

296 743 409 815 duum
426 741 515 839 regis
531 767 661 814 nomen
677 740 827 815 invisum
850 741 945 837 apud
971 739 1170 836 popularem
1203 743 1271 812 Ar-

299 861 450 933 minium
467 886 531 956 pro
548 861 705 935 libertate
720 860 909 934 bellantem
924 858 1022 932 favor
1037 858 1198 930 habebat.

347 980 464 1052 XLV.
496 981 637 1052 Iorruu
670 1006 742 1053 non
783 979 892 1053 modi)
924 977 1085 1051 Cherusci
1121 975 1274 1073 sociique

299 1123 436 1187 eorum,
466 1118 564 1171 vetus
596 1099 749 1172 Arminii
775 1098 889 1189 miles,
919 1097 1089 1194 sumpsere
1116 1096 1272 1170 bellum:

297 1215 357 1290 sod
388 1242 407 1289 e
438 1243 547 1315 regno
578 1218 684 1290 etiam
723 1217 938 1292 Marobodui
979 1217 1099 1288 Suevae
1139 1236 1272 1312 gentes,

298 1337 487 1409 Semnones
502 1364 543 1411 ac
559 1337 802 1434 Langobardi,
824 1334 981 1408 defecere
998 1336 1042 1407 ad
1052 1347 1159 1408 'eumz
1192 1335 1270 1431 qui-

299 1457 364 1528 bus
396 1455 522 1530 additis
555 1458 792 1553 praepollebat‚
835 1454 871 1527 ni
909 1455 1153 1552 Inguiomerus
1192 1481 1275 1528 cum

300 1601 408 1648 manu
450 1575 629 1648 clientium
667 1577 713 1648 ad
748 1574 1013 1648 Maroboduum
1050 1571 1272 1671 perfugill'et3

299 1719 373 1765 non
401 1693 505 1766 aliam
536 1695 584 1769 ob
615 1692 765 1783 cardam,
805 1694 912 1790 quim
947 1693 1028 1790 quia
1058 1691 1168 1766 sratris
1200 1693 1275 1766 filio

292 1811 430 1909 juveni,
462 1832 604 1910 patruus
625 1811 727 1885 senex
753 1813 874 1909 parere
897 1811 1168 1910 dedignabattu.'
1209 1813 1275 1886 Di-

298 1931 458 2028 riguntur
489 1931 578 2005 acies
610 1931 682 2028 pari
714 1930 892 2027 utrimque
918 1929 991 2027 spe,
1020 1957 1084 2006 nec
1116 1953 1155 2004 ut
1188 1932 1274 2006 olim

284 2052 394 2146 -apud
428 2053 624 2124 Germanos
655 2050 753 2147 vagis
784 2050 988 2139 iucursibus,
1028 2070 1088 2122 aut
1120 2049 1275 2149 disjesias

299 2196 362 2267 per
377 2189 550 2243 catervas:
578 2169 710 2266 quippe
725 2171 834 2268 longsr
848 2169 1034 2243 adverslrm
1058 2195 1120 2244 nos
1137 2171 1274 2262 militie,

299 2289 513 2365 insueverant
535 2288 630 2387 sequi
647 2293 755 2388 figur,
772 2287 923 2362 subsidiis
940 2289 1084 2379 firmari,
1102 2289 1193 2364 disin
1208 2290 1276 2365 im-

299 2430 498 2506 peratorum
514 2409 682 2506 accipere.
716 2415 767 2481 At
783 2390 867 2481 tuuc
885 2407 1065 2484 Arminius
1081 2434 1173 2507 equo
1191 2437 1276 2484 con-

301 2529 449 2602 lustrans
460 2531 599 2618 cuneta,
614 2549 653 2601 ut
669 2525 825 2625 quosque
842 2529 1005 2600 advestus
1022 2547 1110 2601 erat:
1130 2537 1157 2572 “
1168 2531 1275 2606 Reci-

252 2635 256 2639 ’
302 2633 330 2690 “
348 2668 503 2744 peratam
524 2648 734 2736 libertatem,
757 2645 941 2720 trucidatas
968 2647 1135 2744 legiones,
1172 2649 1279 2747 spolia

303 2774 330 2809 “
348 2768 463 2840 adhuc
477 2772 511 2839 tc
521 2768 591 2838 tela
607 2764 779 2837 Romanis
788 2765 945 2860 derepta,
960 2764 996 2836 in
1010 2765 1171 2839 manibus
1185 2771 1277 2842 rnul-

300 2887 440 2958 torum''
465 2884 678 2957 ostentabat:
702 2884 821 2956 contri
840 2881 1040 2980 “fugacem
1055 2885 1275 2960 Marobodu-

302 3011 331 3049 “
345 3005 431 3076 um”
443 3005 666 3100 appellans,“
677 3001 879 3099 proeliorum
891 3005 1277 3101 expertem,Hercyniae
1304 3001 1306 3014 '

302 3129 331 3165 “
349 3123 485 3197 latebris
497 3119 690 3211 defensum,
705 3147 745 3195 ac
763 3147 849 3194 mox
863 3145 924 3217 per
936 3122 1028 3194 dona
1041 3127 1074 3194 δε
1088 3121 1278 3220 legationes

300 3251 328 3286 “
347 3243 502 3341 petivisse
533 3241 664 3331 foedus,
696 3240 908 3338 proditorem
937 3239 1068 3337 patriae‚
1097 3241 1279 3321 satellitem

302 3371 330 3406 “
347 3363 499 3452 Caesaris,
545 3362 638 3434 haud
671 3360 786 3434 minin
828 3358 963 3432 infenfis
1004 3359 1128 3435 animis
1161 3385 1278 3440 extur-

179 3551 185 3562 ‚
301 3489 329 3525 “
347 3483 761 3579 handunqusmvamm
772 3479 1005 3578 Qrinstilium
1022 3481 1275 3561 interfecerint:

302 3608 330 3645 “
347 3601 578 3674 meminissent
590 3600 699 3674 modd
709 3620 761 3673 tot
776 3600 995 3697 proeliorum,
1010 3625 1162 3696 quorum
1172 3631 1277 3680 even·

303 3726 330 3765 “
347 3739 399 3808 tu,
433 3725 467 3792 δι
510 3722 556 3792 ad
591 3720 806 3816 postremum
835 3717 950 3816 ejettis
980 3720 1166 3813 Romanis,
1199 3724 1275 3806 satis

301 3842 331 3888 ⁴‘
347 3839 550 3943 probatum,
573 3864 678 3936 penes
701 3860 796 3913 utros
813 3837 950 3914 summa
968 3839 1049 3914 belli
1062 3839 1202 3922 suerit.''
