3259 5284
452 702 913 774 Anunrroanro.
946 702 1008 774 ΙΙΙ.
1135 726 1200 801 149

232 868 297 941 tim
309 868 476 968 segregari
497 898 518 945 a
537 872 673 961 marito,
697 872 852 945 dividere
874 869 1105 945 defenfionem
1127 899 1199 947 coe·

232 988 305 1083 pit:
337 993 432 1085 quod
449 1016 525 1064 reus
541 992 727 1089 postquam
755 992 816 1065 fibi
834 991 1007 1067 exitiabile
1023 990 1199 1089 intelligit,

231 1132 277 1179 an
300 1108 414 1182 adhuc
440 1110 653 1206 experiretur
677 1110 851 1201 dubitans,
881 1110 1094 1183 hortantibus
1120 1110 1199 1183 filiis

229 1226 331 1299 durat
352 1247 521 1319 mentem,
556 1227 781 1327 senatumque
820 1228 951 1303 rursum
981 1228 1196 1326 ingreditur:

229 1346 569 1445 redintegratamque
595 1346 863 1437 accusationem,
889 1344 1032 1420 infensas
1058 1369 1196 1443 patrum

230 1490 347 1554 voces,
381 1466 520 1539 adversa
549 1471 583 1539 δι
617 1464 706 1539 saeva
737 1466 860 1538 cunda
884 1466 1069 1561 perpessus,
1100 1467 1197 1539 nullo

228 1581 340 1679 magis
365 1584 547 1657 exterritus
569 1584 630 1673 est,
670 1584 778 1678 quim
800 1581 896 1679 qudd
916 1580 1100 1655 Tiberium
1129 1588 1198 1657 fine

228 1699 455 1791 miseratione,
471 1706 538 1774 fine
561 1702 622 1790 ira,
650 1701 873 1790 obstinatum,
898 1698 1123 1798 clausumque
1144 1702 1197 1775 vi·

117 1836 125 1855 ⁸
228 1819 295 1909 dit,
326 1844 370 1892 ne
387 1846 458 1916 quo
473 1817 611 1891 adfectu
629 1839 916 1915 perrumperetur.
966 1819 1110 1894 Relatus
1132 1822 1196 1893 do·

226 1962 341 2026 mum,
370 1956 547 2035 tamquam
573 1934 803 2011 defenfionem
828 1938 865 2010 in
890 1939 1062 2035 posterum
1087 1940 1195 2012 medi-

226 2074 365 2146 tatetur,
393 2081 500 2152 pauca
525 2054 720 2145 conscribit,
747 2059 990 2154 obfignatque,
1018 2056 1193 2132 &liberto

227 2174 344 2247 tradit.
394 2177 492 2248 Tum
518 2175 616 2247 solita
632 2175 786 2247 curando
812 2174 949 2271 corpori
972 2172 1190 2273 exsequitur:

223 2293 305 2366 dein
332 2295 477 2367 multam
504 2292 581 2391 post
604 2294 758 2392 noctem,
784 2290 914 2391 egressd
940 2292 1102 2367 cubiculo
1123 2322 1190 2368 ux·

223 2438 297 2503 ore,
324 2412 489 2510 “operiri
514 2411 755 2510 sores’'jusfit:
796 2417 829 2485 fir
863 2416 979 2511 coepti
1000 2414 1091 2501 luce,
1116 2439 1193 2510 per-

222 2530 308 2606 sossb
322 2530 465 2629 jugulo,
476 2529 612 2629 jacente
635 2531 735 2603 humi
763 2531 894 2628 gladio,
926 2550 1079 2628 repertur
1103 2532 1165 2607 est.
1216 2578 1221 2587 ·

270 2651 556 2723 XV1.Auo1nr
586 2676 644 2723 me
676 2649 820 2721 memini
847 2674 893 2722 ex
915 2646 1114 2739 senioribus,
1137 2651 1189 2723 vi-

220 2767 295 2840 sum
320 2764 441 2863 saepius
466 2768 553 2840 inter
576 2792 699 2840 manus
726 2766 858 2840 Pisonis
891 2766 1061 2857 libellum,
1086 2794 1191 2865 quern

220 2884 290 2982 ipse
306 2910 379 2957 non
400 2884 617 2983 vulgaverit3
643 2883 701 2956 sed
724 2886 855 2957 amicos
880 2884 953 2983 ejus,
974 2884 1189 2976 diditavifi'e,

222 3004 380 3076 “literas
422 3002 567 3093 Tiberii,
604 3007 638 3075 δι
670 3004 833 3076 mandata
868 3004 905 3077 in
941 3004 1187 3079 Germanicum

221 3130 249 3166 “
266 3121 466 3196 continere:
503 3147 544 3194 ac
581 3122 789 3196 destinatum
823 3149 980 3220 promere
1008 3124 1102 3219 apud
1127 3150 1187 3219 pa-

218 3248 247 3285 “
265 3261 347 3329 tres,
385 3240 651 3337 Principemque
673 3266 829 3337 arguere,
868 3242 904 3313 ni
931 3239 1043 3315 elusus
1076 3266 1096 3312 a
1128 3242 1186 3313 Se-

217 3358 342 3457 “jano
360 3386 421 3455 per
438 3384 529 3432 vana
545 3358 707 3455 promissa
719 3357 825 3431 soret:
860 3384 924 3432 nec
951 3360 1052 3433 illum
1067 3357 1187 3455 sponte

217 3485 245 3521 ‘⁶
263 3478 484 3568 exstinctum,
508 3479 631 3550 verirm
648 3477 801 3550 immisso
819 3482 1013 3574 percussore
1029 3479 1066 3551 :'’
1098 3504 1185 3575 quo-

216 3625 295 3671 rum
311 3620 471 3671 neutrum
487 3596 755 3671 adseveraverim
773 3625 781 3669 :
817 3622 932 3693 neque
948 3618 1065 3670 tamen
1080 3622 1187 3670 occur

214 3718 282 3788 lere
299 3716 404 3791 debui
422 3736 595 3789 narratum
616 3718 662 3788 ab
685 3714 740 3803 iis,
766 3715 826 3812 qui
845 3716 993 3788 nostram
1004 3717 1049 3789 ad
1056 3712 1184 3812 juven·

213 3855 286 3906 tam
302 3835 522 3907 duraverunt.
572 3831 696 3924 caesar,
714 3837 810 3907 flexo
832 3833 868 3907 in
894 3833 1087 3907 maestitiam
1109 3860 1182 3925 ore,
1248 3883 1253 3889 ·

215 3958 243 3997 “
260 3952 354 4025 suam
371 3952 539 4025 invidiam
560 3952 620 4025 tali
645 3970 757 4025 morte
777 3955 954 4049 quaefitam
970 3956 1064 4049 apud
1089 3954 1184 4027 sena,

215 4080 243 4124 ‘¹
259 4074 375 4166 tum,''
403 4074 466 4167 (ἦ)
493 4070 686 4169 crebrisque
711 4068 1038 4167 interrogationibus
1060 4073 1185 4176 exqui..

672 4191 707 4262 L
736 4214 755 4289 3
