3259 5284
476 548 794 622 -Arrrrruu
835 548 943 620 err.
985 546 1047 620 IV.
1186 574 1252 649 231

286 726 316 764 ‘⁸
332 744 428 810 men,
459 721 520 795 tali
550 719 741 819 conjugio?
767 720 908 795 Falleris
935 720 1042 811 enim,
1071 718 1253 819 Sejane,fi

286 846 315 883 “
332 857 367 913 te
381 837 580 914 mansurum
595 840 632 912 in
648 841 773 913 eodem
790 839 910 913 ordine
926 860 1039 937 putas,
1052 844 1085 912 δι
1098 840 1255 932 Liviam,

285 962 315 1000 “
332 983 410 1056 quae
450 960 492 1032 C.
521 956 661 1049 caesari,
683 984 770 1031 mox
797 956 911 1031 Druso
939 977 1048 1055 nupta
1075 957 1190 1050 fuerit,
1213 962 1254 1032 el

284 1081 313 1133 -“
328 1098 445 1151 mente
460 1079 628 1169 asturam,
650 1096 689 1150 ut
711 1102 794 1151 cum
824 1077 937 1175 equite
959 1082 1123 1152 Romano
1144 1076 1252 1153 senes·

285 1200 315 1238 “
330 1215 397 1269 cat.
449 1198 529 1293 Ego
547 1216 585 1269 ut
601 1201 722 1285 finam,
744 1194 897 1270 credisne
913 1198 1079 1292 paliuros,
1106 1198 1166 1294 qui
1183 1197 1251 1273 fra·

283 1319 313 1369 -“
330 1332 420 1387 trem
446 1312 533 1410 ejus,
565 1314 626 1411 qui
649 1335 782 1411 patrem
803 1312 1016 1411 majoresque
1039 1314 1185 1404 nostros,
1214 1317 1252 1389 in

283 1436 311 1474 “
326 1430 469 1505 summis
489 1432 645 1529 imperiis
660 1432 802 1505 videre?
830 1431 890 1503 Vis
914 1450 953 1505 tu
977 1430 1122 1527 quidem
1143 1431 1250 1507 istum

282 1554 310 1593 “
327 1549 415 1623 intra
430 1552 548 1625 locum
565 1551 700 1625 fistere:
729 1550 788 1623 sed
809 1548 859 1621 illi
883 1549 1096 1645 magistratus
1121 1554 1155 1624 δι
1180 1551 1251 1647 pri-

283 1672 312 1709 “
330 1693 445 1741 mores
461 1668 536 1766 qui,
560 1689 596 1742 te
618 1668 742 1759 invito,
767 1686 1005 1764 perrumpunt,
1022 1668 1251 1767 omnibusque

283 1792 311 1828 “
328 1786 491 1861 derebus
509 1785 704 1875 consulunt,
721 1786 889 1859 exceffille
898 1782 974 1882 jam
991 1784 1127 1881 pridem
1144 1812 1249 1885 eque·

282 1909 311 1946 “
326 1904 391 1977 stre
406 1902 596 2002 fastigium,
614 1906 791 2002 longeque
801 1903 940 1977 anteilse
958 1903 1062 2002 patris
1075 1904 1144 1977 mei
1162 1907 1249 1981 ami-

283 2027 312 2064 “
329 2020 438 2111 citios,
468 2047 540 2095 non
568 2022 696 2095 occulti
719 2021 847 2111 ferunt,
865 2046 993 2118 perque
1010 2022 1179 2099 invidiam
1197 2026 1251 2099 tul

257 2143 310 2236 ]“
328 2164 386 2213 me
402 2166 544 2238 quoque
559 2140 723 2215 incusant.
773 2145 825 2214 At
852 2140 946 2213 enim
974 2142 1153 2239 Augustus
1180 2142 1247 2217 fili-

279 2264 308 2301 “
325 2284 384 2333 am
403 2260 499 2333 suam
521 2258 630 2357 equiti
645 2262 810 2333 Romano
826 2260 958 2333 tradere
975 2261 1159 2335 meditatus
1187 2262 1247 2337 est.

277 2384 305 2423 “
323 2378 462 2453 Mirum
479 2378 633 2469 hercule,
657 2381 695 2468 sr,
718 2378 801 2451 clun
818 2377 856 2451 in
868 2404 990 2453 omnes
1011 2403 1107 2452 curas
1127 2380 1247 2453 distra-

276 2506 306 2543 “
324 2500 479 2587 heretur,
496 2498 779 2594 immensumque
789 2497 900 2569 attolli
913 2496 1127 2593 provideret,
1141 2525 1249 2597 quem

277 2622 307 2660 “
323 2615 564 2714 conjuntlione
580 2615 640 2688 tali
665 2613 765 2713 super
783 2615 868 2689 alios
891 2615 1077 2707 extuliffet,
1098 2619 1141 2691 C.
1162 2620 1247 2691 Pro-

278 2742 307 2780 “
324 2734 492 2824 culeium,
516 2731 733 2830 &quosdam
752 2732 790 2805 in
806 2732 1021 2809 sermonibus
1043 2736 1175 2825 habuit,
1191 2736 1246 2809 in-

277 2860 306 2897 “
323 2853 410 2952 figni
426 2851 671 2949 tranquillitate
687 2850 783 2940 vitae,
796 2850 898 2925 nullis
921 2850 1117 2949 reipublice
1135 2854 1245 2953 nego·

225 3026 234 3046 ,
276 2979 304 3017 “
321 2971 377 3045 tiis
389 2970 590 3069 permixtos.
638 2968 980 3043 Sedsrdubitatione
996 2972 1149 3070 Augusti
1168 2998 1245 3047 mo·

276 3097 304 3134 “
320 3115 465 3176 vemur3
491 3087 624 3186 quanto
640 3088 788 3162 validius
804 3089 854 3161 est
871 3087 969 3186 quod
984 3093 1041 3163 M.
1059 3091 1244 3189 Agrippae,

274 3214 304 3254 “
321 3234 407 3283 mox
439 3207 525 3281 mihi
558 3207 784 3282 conlocavit?
819 3212 939 3305 Atque
968 3234 1036 3307 ego
1064 3211 1153 3300 haec‚
1180 3234 1245 3307 pro

276 3336 306 3374 “
323 3326 490 3417 amicitie,
513 3352 586 3400 non
612 3327 808 3401 occultavi:
839 3328 991 3401 ceterum
1017 3354 1132 3425 neque
1159 3329 1243 3420 tuis,

274 3455 303 3493 “
321 3472 436 3545 neque
453 3448 567 3521 Liviae
583 3446 771 3537 destinatis,
789 3445 1004 3521 adversabor.
1053 3447 1129 3543 Ipse
1157 3448 1245 3545 quid

274 3574 302 3612 “
318 3568 409 3640 intra
440 3566 598 3641 animum
612 3566 859 3657 volutaverim,
884 3566 1009 3664 quibus
1036 3567 1150 3641 adhuc
1182 3593 1244 3641 ne·

273 3694 301 3731 “
320 3668 577 3761 ceffitudinibus
593 3684 785 3760 immiscere
810 3706 847 3759 te
871 3684 957 3758 mihi
974 3710 1108 3782 parem,
1137 3687 1243 3761 omit-

274 3811 302 3851 “
319 3824 392 3880 tam
420 3808 466 3878 ad
492 3804 636 3902 praeseus
662 3804 810 3879 referre:
840 3804 877 3877 id
910 3806 1048 3877 tantum
1074 3804 1242 3901 aperiam,

272 3931 302 3968 “
319 3924 404 3999 uih'il
421 3926 488 3999 else
503 3944 577 4000 tam
592 3923 780 4014 excelsum,
794 3925 893 4022 quod
910 3948 981 3998 non
998 3924 1139 3997 virtutes
1154 3922 1241 4014 istae,

697 4048 785 4139 Q
