3259 5284
422 605 489 695 146
609 604 943 683 nemun
977 608 1181 685 Taeter

419 786 448 826 “
466 806 535 877 que
560 781 629 883 ejus
653 788 787 861 laetatus
813 790 909 879 esser,
941 813 985 861 an
1011 785 1135 862 scelere
1161 786 1383 883 exstinxisset,

418 900 605 1000 “integris
628 905 752 979 animis
767 904 1040 1003 dijudicandum.
1087 908 1184 981 Nam
1206 912 1229 983 fi
1251 912 1383 1010 legatus

417 1022 566 1097 “officii
591 1026 767 1117 terminos,
802 1026 1004 1125 obsequium
1029 1052 1113 1124 erga
1138 1025 1381 1125 imperatorem

415 1146 445 1185 ‘⁸
463 1142 574 1233 exuit,
602 1143 823 1244 ejusdemque
840 1166 962 1238 morte,
990 1150 1023 1220 ὃς
1042 1148 1136 1219 lustu
1153 1172 1233 1221 meo
1248 1149 1381 1223 laetatus

416 1264 444 1304 ‘⁶
462 1260 531 1348 est3
560 1263 679 1353 odero,
707 1262 941 1363 seponamque
963 1292 983 1339 a
1005 1266 1113 1338 domo
1136 1269 1228 1358 met,
1253 1272 1287 1343 δι
1312 1269 1381 1366 pri-

416 1386 443 1421 “
461 1401 556 1454 varas
575 1382 783 1474 inimicitias,
801 1410 872 1457 non
883 1384 1052 1481 Principis
1068 1384 1219 1459 ulciscar.
1256 1387 1315 1460 Sin
1330 1387 1380 1461 fa·

415 1506 442 1541 “
461 1500 558 1573 cinus
573 1501 610 1573 in
633 1500 877 1601 cujuscumque
887 1502 1084 1575 mortalium
1099 1528 1183 1577 nece
1201 1504 1381 1581 vindican-

415 1626 442 1661 “
460 1621 547 1692 dum
562 1620 758 1719 detegitur3
792 1648 854 1694 vos
871 1620 952 1695 verb
969 1626 1002 1697 δι
1020 1620 1146 1696 liberos
1163 1624 1378 1716 Germanici,

414 1744 442 1780 “
462 1742 495 1810 &
518 1765 580 1812 nos
596 1762 751 1837 parentes
765 1738 865 1838 justis
881 1739 1004 1815 solatiis
1021 1742 1180 1815 adficite:
1211 1745 1381 1842 srmulque

412 1864 442 1902 “
460 1858 548 1931 illud
575 1880 740 1957 reputate,
770 1860 907 1933 turbide
938 1864 972 1933 δι
1002 1858 1158 1933 seditiose
1184 1864 1381 1936 tradtaverit

412 1983 441 2035 (⁴
458 1977 629 2052 exercitus
661 1977 737 2052 Piso
749 2008 761 2066 ;
803 1982 941 2077 quaesrta
969 1982 1032 2052 fint
1061 2004 1121 2077 per
1151 1979 1379 2055 ambitionem

411 2102 439 2140 “
455 2097 567 2171 studia
594 2098 769 2184 militum3
802 2098 908 2172 annis
939 2098 1082 2195 repetita
1110 2097 1307 2195 provincia3
1333 2126 1378 2175 an

409 2214 538 2289 “salsa
574 2219 649 2290 haec
682 2217 719 2289 in
754 2215 865 2314 majus
899 2216 1118 2314 vulgaverint
1149 2216 1378 2293 accusatoresa

409 2341 437 2378 “
456 2362 607 2432 quorum
620 2362 686 2434 ego
704 2335 821 2409 nimiis
837 2334 957 2409 studiis
968 2332 1046 2431 jure
1058 2334 1246 2411 succenseo.
1280 2340 1378 2413 Nam

408 2458 436 2495 “
454 2453 525 2550 qub
553 2454 730 2551 pertinuit,
765 2456 894 2528 nudare
927 2480 1068 2551 corpus,
1101 2458 1135 2527 bc
1163 2458 1377 2531 contreetati-

408 2579 437 2615 “
453 2576 541 2647 dum
567 2572 665 2672 vulgi
690 2573 801 2647 oculis
824 2573 1030 2671 permittere,
1058 2572 1259 2671 differrique
1273 2576 1378 2651 etiarn

406 2700 514 2790 “per
534 2713 707 2784 externos,
737 2714 918 2792 tamquam
942 2718 1077 2767 veneno
1102 2691 1310 2791 interceptus
1328 2694 1377 2769 es-

405 2820 435 2865 4‘
452 2811 513 2903 set,
532 2817 555 2886 fi
572 2814 701 2887 incerta
712 2815 826 2886 adhuc
838 2814 914 2902 ista,
929 2819 963 2887 δι
981 2812 1159 2887 scrutanda
1173 2809 1275 2885 sunt?
1303 2814 1377 2887 De·

406 2940 435 2975 “
452 2937 520 3007 fleo
537 2933 700 3030 equidem
717 2934 830 3007 filium
847 2958 982 3025 meum,
1000 2932 1200 3030 semperque
1216 2932 1373 3006 deflebo:

403 3058 432 3094 “
451 3052 510 3125 sed
542 3078 657 3150 neque
685 3078 782 3125 reum
817 3052 1001 3149 prohibeo,
1037 3050 1223 3149 quominus
1253 3052 1379 3124 emera

404 3178 431 3219 “
450 3170 612 3268 proferat,
631 3171 758 3269 quibus
781 3170 979 3244 innocentia
1002 3170 1074 3270 ejus
1093 3168 1275 3258 sublevari,
1300 3188 1375 3259 aut,

403 3297 432 3334 “
452 3295 475 3362 si
492 3316 562 3387 qua
577 3289 642 3362 suit
670 3289 831 3386 iniquitas
856 3290 1070 3380 Germanici,
1096 3288 1235 3387 coargui
1251 3291 1371 3386 poffit:

404 3408 580 3505 “vosque
605 3433 683 3497 oro,
712 3431 769 3497 ne,
807 3406 890 3503 quia
913 3406 1026 3479 dolori
1053 3432 1133 3481 meo
1164 3404 1262 3479 causa
1291 3399 1391 3480 con-¹

401 3535 429 3577 ‘⁴
448 3550 539 3600 nexa
564 3526 625 3617 est,
650 3524 785 3624 objecta
807 3524 952 3599 crimina
980 3551 1042 3622 pro
1064 3523 1260 3623 adprobatis
1284 3524 1375 3597 acci·

402 3655 429 3690 “
449 3646 560 3743 piatis.
608 3645 755 3743 Siquos
783 3642 1002 3741 propinquus
1028 3642 1176 3741 sanguis,
1204 3662 1263 3717 aut
1287 3644 1374 3717 fides

401 3766 505 3839 “sua
530 3784 689 3863 patronos
705 3762 817 3854 dedit,
844 3782 1015 3860 quantum
1036 3762 1182 3859 quisque
1205 3762 1372 3859 eloquen-

401 3894 431 3934 “
447 3887 495 3959 tid
523 3890 556 3957 &
589 3888 673 3958 curd
702 3886 808 3972 valet,
837 3880 958 3979 jurate
991 3879 1248 3978 periclitantem.
1309 3880 1370 3952 Ad

401 4014 429 4057 “
447 4006 610 4083 eumdem
637 4005 807 4102 laborem,
832 4000 994 4081 eamdem
1019 3998 1245 4077 constantiam
1266 4024 1368 4075 accu-
