3259 5284
361 610 407 683 86
607 608 649 680 C.
674 607 914 681 Connanrr
940 606 1120 682 Tncrrr

357 780 460 854 vibus
485 777 630 879 superne
657 781 781 854 ictibus
798 780 1096 856 conflittabantur.
1136 780 1242 857 Sensit
1258 784 1332 861 dux

357 900 529 998 imparem
554 901 714 974 cominus
739 927 912 999 pugnam,
942 899 1147 1000 remotisque
1174 905 1332 999 paullum

357 1020 566 1119 legionibus,
591 1019 780 1094 funditores
799 1019 1045 1119 libratoresquc
1066 1032 1224 1096 excutere
1248 1026 1331 1115 tela,

307 1203 310 1209 .
359 1145 395 1214 δε
426 1142 628 1238 proturbare
655 1140 790 1212 hostem
811 1138 936 1238 jubet:
971 1139 1078 1215 missae
1105 1166 1126 1215 e
1151 1142 1332 1217 tormentis

356 1260 476 1350 hastae,
507 1260 707 1357 quantdque
733 1258 910 1357 conspicui
943 1260 1056 1359 magis
1090 1281 1329 1359 propugnato·

357 1404 426 1469 res,
458 1378 556 1451 tanto
588 1378 744 1475 pluribus
776 1379 977 1453 vulneribus
1005 1378 1139 1479 dejetti.
1196 1381 1332 1455 Primus

357 1498 470 1572 Caesar
485 1524 568 1571 cum
585 1498 749 1595 praetoriis
770 1498 984 1589 cohortibus,
1010 1520 1112 1596 capto
1132 1500 1239 1591 vallo,
1269 1501 1330 1573 de·

356 1618 410 1691 dit
433 1619 604 1716 impetum
627 1616 664 1689 in
685 1618 806 1690 filvas:
834 1618 971 1692 conlato
992 1618 1063 1693 illic
1092 1621 1200 1717 gradu
1225 1638 1331 1693 certa·

355 1757 458 1811 tum:
492 1738 627 1810 hostem
656 1762 677 1809 a
707 1757 808 1835 tergo
841 1738 953 1835 palus,
988 1742 1167 1811 Romanos
1199 1742 1331 1817 flumen

356 1879 418 1932 aut
433 1876 569 1931 montes
585 1857 816 1930 claudebant:
842 1854 994 1955 utrisque
1019 1860 1193 1933 necessitas
1216 1856 1253 1931 in
1279 1861 1329 1933 lo-

355 2002 413 2067 co,
443 1976 518 2075 spes
533 1976 571 2049 in
583 1976 724 2065 virtute,
751 1974 838 2055 salus
850 2000 894 2048 ex
912 1976 1064 2051 victoria

403 2098 506 2169 XXI.
534 2095 622 2169 Nnc
645 2118 776 2167 nrrnon
801 2096 985 2169 Germanis
1012 2095 1160 2188 animus,
1188 2096 1244 2170 sed
1270 2122 1330 2196 ge·

354 2240 436 2290 nete
462 2240 590 2313 pugna
616 2213 856 2287 &armorum
883 2211 1149 2311 superabantur;
1180 2218 1261 2289 cum
1278 2218 1330 2290 in·

355 2359 442 2432 gens
460 2333 663 2423 multitudo,
681 2331 784 2404 aretis
801 2331 899 2423 locis,
918 2332 1112 2431 praelongas
1128 2335 1240 2408 hastas
1257 2362 1329 2409 non

354 2454 589 2551 protenderet,
615 2478 688 2525 non
713 2450 904 2549 colligeret,
933 2477 1049 2549 neque
1079 2451 1267 2530 adsultibus
1294 2458 1329 2529 dt

353 2572 538 2647 velocitate
573 2596 759 2668 corporum
787 2590 955 2663 uteretur,
985 2574 1105 2646 coada
1133 2572 1251 2647 stabile
1284 2574 1328 2650 ad

353 2691 537 2791 proelium:
567 2690 688 2767 contra
700 2688 811 2781 miles,
829 2690 886 2763 cui
897 2689 1032 2765 scutum
1045 2693 1173 2789 pectori
1190 2692 1329 2791 adpres-

352 2812 443 2903 sum,
469 2815 504 2884 &
528 2810 676 2883 infidens
693 2811 821 2906 capulo
836 2836 973 2903 manus,
1002 2812 1089 2884 latos
1104 2812 1329 2886 barbarorum

352 2951 459 3021 artus,
489 2930 584 3003 nuda
606 2955 666 3004 ora
682 2928 831 3020 foderet,
862 2929 1026 3029 viamque
1042 2930 1154 3028 strage
1176 2930 1328 3005 hostium

351 3050 519 3148 aperiret:
545 3049 760 3146 imprompto
779 3045 856 3144 jam
885 3048 1062 3139 Arminio,
1090 3051 1138 3123 ob
1166 3049 1329 3123 continua

351 3170 517 3269 pericula,
544 3171 612 3240 five
627 3167 729 3240 illum
740 3165 858 3239 rectius
871 3187 1056 3264 acceptum
1073 3169 1201 3241 vulnus
1214 3170 1327 3242 tarda·

351 3308 460 3363 verat.
509 3286 606 3384 Qun
630 3291 663 3359 δε
690 3284 953 3383 Inguiomerum
977 3288 1051 3362 tota
1068 3286 1269 3359 volitantem
1291 3314 1329 3361 a·

350 3408 417 3497 cie,
455 3404 593 3479 sortuna
623 3402 735 3501 magis
762 3404 871 3501 quam
904 3404 1014 3478 virtus
1053 3403 1252 3483 deserebat:
1292 3411 1326 3479 δι

351 3524 595 3617 Gennanicus,
612 3522 685 3621 qud
701 3522 814 3620 magis
830 3521 1108 3619 adgnosceretur,
1134 3525 1329 3601 detraxerat

348 3645 506 3743 tegimen
539 3642 656 3740 capiti,
686 3644 878 3739 orabatque
906 3648 935 3685 “
948 3641 1133 3715 insisterent
1160 3646 1327 3737 caedibus,

351 3762 444 3836 “nil
460 3788 549 3859 opus
566 3760 723 3858 captivis,
746 3760 855 3834 solam
871 3760 1144 3837 internecionem
1162 3764 1274 3861 gentis
1287 3768 1327 3837 si-

351 3890 477 3955 “nem
504 3882 598 3955 bello
626 3878 737 3953 sore.”
786 3884 939 3979 Jamque
967 3879 1041 3955 sero
1070 3880 1140 3956 diei
1165 3880 1327 3961 subducit

348 4027 394 4076 ex
421 4000 495 4075 acie
530 3998 721 4100 legionem,
757 3997 922 4075 faciendis
957 4000 1085 4080 castris:
1121 4022 1246 4082 ceterae
1282 4002 1328 4078 ad
