3259 5284
388 594 457 687 276
620 591 1197 669 C.C0suar.11Tncrr1

389 764 606 863 propinquus
631 786 689 839 aut
716 792 850 863 parens,
878 766 967 857 vim,
990 786 1119 863 raptus,
1150 765 1278 861 suaque
1306 763 1366 869 ipsr

389 883 500 973 libita,
525 886 622 956 velut
646 883 831 981 incaptus,
857 887 1075 958 exercebant.

437 1004 482 1075 ll.
509 1006 569 1077 Ar
588 1006 720 1077 Rostra
733 1004 906 1101 principio
921 1004 1017 1094 anni,
1034 1007 1128 1100 quasi
1145 1002 1263 1082 recens
1280 1026 1365 1098 cog-

389 1120 467 1213 nitis
484 1120 599 1195 Liviae
617 1121 768 1219 flagitiis,
799 1148 839 1195 ac
853 1148 925 1197 non
947 1124 1082 1222 pridem
1099 1124 1205 1197 etiam
1222 1120 1365 1219 punitis,

389 1260 519 1315 atroces
543 1240 715 1314 sententia
731 1240 950 1333 dicebantur,
968 1243 1004 1315 in
1020 1244 1152 1342 effigies
1168 1267 1310 1341 quoque
1325 1264 1367 1312 ac

389 1360 595 1433 memoriam
617 1358 712 1457 ejus:
741 1366 774 1435 δε
802 1368 830 1404 “
847 1364 940 1436 bona
956 1360 1068 1461 Sejani
1091 1364 1207 1435 ablata
1232 1358 1363 1449 aerario,

390 1486 419 1523 “
444 1500 482 1553 ut
515 1479 550 1552 in
576 1476 695 1553 fiscum
731 1484 974 1578 cogerentur,’'
1004 1502 1184 1580 tamquam
1216 1478 1365 1554 referret.

388 1598 565 1695 Scipiones
594 1600 680 1687 haec,
707 1600 876 1691 &Silam
900 1606 934 1675 δι
950 1602 1066 1691 Cassii,
1093 1600 1215 1674 iisdem
1239 1598 1362 1689 ferme,

390 1740 448 1792 aut
467 1719 625 1815 paullum
642 1718 834 1793 immutatis
851 1720 965 1794 verbis
981 1719 1235 1793 adseveratione
1256 1720 1367 1791 multd

391 1837 597 1911 censebant:
625 1840 707 1911 clim
739 1838 880 1935 repente
907 1840 1093 1937 Togonius
1116 1840 1254 1928 Gallus,
1278 1839 1365 1910 dum

389 1956 643 2055 ignobilitatem
660 1954 756 2029 suam
774 1957 909 2055 magnis
925 1958 1125 2032 nominibus
1145 1958 1273 2049 inserit,
1303 1982 1363 2055 per

389 2074 621 2148 deridiculum
662 2076 809 2150 auditur.
874 2079 971 2150 Nam
1005 2076 1207 2175 Principem
1245 2080 1366 2150 orabat

391 2193 588 2289 “deligere
608 2193 790 2285 senatores,
826 2221 871 2267 ex
898 2198 977 2293 quis
993 2196 1120 2294 viginti
1147 2198 1233 2270 sorte
1254 2195 1366 2285 ducti,

390 2321 419 2357 “
437 2318 470 2387 δε
489 2312 578 2386 ferro
603 2314 760 2405 accincti,
784 2315 943 2411 quotiens
966 2316 1100 2389 curiam
1123 2316 1249 2405 inisset,
1278 2314 1366 2389 salu-

393 2438 520 2504 “tem
563 2430 638 2529 ejus
678 2432 909 2506 defenderent
924 2436 961 2506 :''
989 2434 1181 2507 crediderat
1205 2434 1369 2507 nimirum

359 2550 557 2650 .,epistolae,
590 2557 618 2596 “
637 2550 786 2625 subfidio
818 2553 880 2626 fibi
904 2556 1050 2627 alterum
1077 2579 1122 2627 ex
1143 2552 1363 2627 consulibus”

390 2670 571 2768 poscentis,
602 2678 685 2744 “ut
713 2692 806 2745 tutus
836 2698 857 2744 a
879 2672 1021 2769 Capreis
1037 2675 1177 2746 Urbem
1200 2672 1368 2770 peteret.”

387 2790 549 2864 Tiberius
586 2810 703 2863 tamen
743 2776 893 2865 ludibria
927 2790 1018 2865 seriis
1054 2790 1257 2889 permiscere
1288 2789 1366 2865 soli·

387 2930 455 3001 tus,
481 2908 553 3008 egit
576 2928 688 3008 grates
706 2910 955 2983 benevolentiae
979 2928 1133 3007 patmm:
1162 2917 1191 2961 ‘⁴
1208 2908 1266 2983 sed
1279 2935 1367 3007 quos

387 3028 546 3101 “omitti
576 3030 689 3128 posse?
722 3054 810 3126 quos
833 3028 967 3127 deligi?
995 3027 1171 3126 semperne
1199 3027 1361 3106 eosdem?

389 3156 417 3191 “
436 3176 481 3221 an
505 3148 649 3222 subinde
666 3148 776 3221 alios?
808 3152 842 3220 a
868 3147 1058 3221 honoribus
1084 3148 1300 3247 persunslos,
1323 3174 1367 3223 an

388 3274 414 3310 ‘⁴
427 3266 597 3364 juvenes?
626 3266 794 3363 privatos,
830 3292 874 3339 an
891 3292 910 3340 e
927 3266 1212 3365 magistratibus?
1248 3271 1368 3365 Quam

389 3393 417 3430 “
435 3386 563 3459 deinde
580 3386 729 3483 speciem
747 3384 834 3475 sore,
848 3385 1059 3461 sumentium
1074 3386 1110 3459 in
1126 3386 1247 3459 limine
1262 3386 1366 3459 curiae

386 3513 415 3556 4‘
434 3506 586 3602 gladios?
607 3530 721 3601 neque
739 3504 798 3578 srbi
817 3506 923 3579 vitam
940 3506 1040 3595 tanti,
1063 3505 1202 3579 srarmis
1214 3504 1365 3603 tegenda

387 3632 416 3681 t‘
435 3624 559 3699 soret.'’
609 3628 701 3699 Haec
719 3625 883 3698 adversus
900 3626 1121 3722 Togonium,
1150 3624 1266 3698 verbis
1289 3648 1366 3696 mo.

384 3746 532 3818 derans:
566 3769 681 3843 neque
714 3746 804 3817 ultra
835 3744 1059 3826 abolitionem
1087 3742 1261 3829 sententiae
1291 3742 1365 3830 sua.-

385 3866 476 3953 dese,
