3259 5284
370 550 437 621 106
575 547 618 621 C.
650 548 927 623 Conunsrr
962 549 1168 624 Tsc1s1

413 723 549 796 XLVI.
572 724 719 811 Nassa
737 725 984 798 Maroboduus
993 721 1158 822 jassantis
1186 721 1251 815 sui,
1281 741 1341 804 aut

366 841 504 937 probris
515 842 551 914 in
564 841 700 916 hostem
713 843 904 918 abstinebat
918 873 927 916 :
941 842 999 917 sed
1010 844 1273 942 Inguiomerum
1289 866 1341 920 te·

364 985 463 1049 nens,
493 969 521 1003 ‘⁶
539 957 604 1034 Illo
621 963 657 1035 in
672 989 818 1061 corpore
835 966 940 1038 decus
954 989 1059 1036 omne
1071 963 1340 1058 Cheruscorum,

365 1087 394 1123 “
410 1080 502 1155 illius
517 1082 664 1156 consiliis
693 1084 798 1181 gesta,
828 1111 905 1180 quae
939 1081 1098 1181 prospere
1113 1085 1341 1178 ceciderint,”

363 1201 574 1275 testabatur:
629 1206 865 1277 “vecordem
896 1202 1113 1293 Arminium,
1161 1209 1195 1278 &
1227 1232 1341 1286 rerum

365 1329 393 1365 “
411 1321 585 1412 nescium,
609 1323 757 1396 alienam
786 1323 931 1422 gloriam
952 1322 990 1394 in
1016 1322 1049 1396 se
1077 1325 1224 1415 trahere,
1250 1351 1339 1422 quo-

364 1447 392 1482 “
410 1441 504 1515 niam
532 1461 601 1514 tres
633 1468 758 1516 vacuas
791 1443 947 1540 legiones
982 1447 1017 1514 &
1046 1444 1175 1517 ducem
1211 1441 1340 1518 fraudis

365 1559 571 1656 “ignarum
599 1561 744 1659 perfidis
769 1563 957 1660 deceperit,
987 1566 1114 1661 magnas
1135 1589 1216 1636 cum
1242 1566 1341 1638 clade

362 1685 392 1721 “
409 1681 622 1771 Germaniae,
659 1687 693 1754 δι
722 1682 915 1780 ignominis
950 1680 1020 1772 sus,
1055 1685 1138 1755 chm
1168 1681 1337 1781 conjunrr,

362 1805 390 1840 “
408 1798 491 1872 clim
515 1801 608 1874 filius
630 1800 714 1899 ejus,
742 1799 919 1875 servitium
942 1804 1057 1876 adhuc
1079 1803 1239 1876 tolerent.
1289 1808 1340 1876 At

363 1924 393 1960 “
409 1916 443 1990 se
466 1919 654 1992 duodecim
678 1920 876 2018 legionibus
898 1921 1046 2018 petitum
1067 1923 1157 1994 duce
1178 1921 1337 2013 Tiberio,

362 2044 391 2081 “
408 2035 576 2113 illibatam
589 2042 846 2112 Germanorum
866 2039 1012 2137 gloriam
1030 2037 1224 2114 servavisse:
1252 2067 1338 2115 mox

360 2158 667 2231 “conditionibus
700 2159 809 2256 aequis
838 2157 1040 2231 discessum:
1083 2183 1197 2256 neque
1229 2161 1338 2257 paeni·

362 2282 391 2321 “
409 2295 481 2350 tere
506 2277 605 2374 quod
628 2277 780 2375 ipsorum
804 2278 841 2350 in
864 2303 969 2350 manu
995 2280 1046 2367 sit,
1073 2277 1250 2376 integrum
1275 2281 1337 2354 ad-

361 2401 390 2437 “
409 2397 527 2470 vershs
567 2401 748 2471 Romanos
788 2399 937 2486 bellum,
983 2423 1028 2469 an
1069 2423 1192 2493 pacem
1221 2397 1338 2472 incru-

360 2523 389 2562 “
406 2536 524 2590 entam
545 2516 703 2590 malint.'’
741 2517 825 2592 .His
842 2517 988 2590 vocibus
1008 2515 1188 2590 instindtos
1206 2519 1336 2592 exerci-

356 2654 427 2727 tus,
453 2637 603 2734 propriae
628 2663 771 2735 quoque
794 2635 902 2710 causae
925 2635 1173 2710 stimulabant:
1204 2639 1286 2712 cum
1318 2665 1339 2716 a
1387 2665 1392 2674 ·

356 2755 538 2831 Cheruscis
568 2755 894 2856 Langobardisque,
929 2783 992 2854 pro
1021 2756 1164 2854 antiquo
1197 2759 1336 2850 decore,

357 2896 418 2950 aut
434 2877 562 2951 recenti
580 2876 753 2964 libertate3
781 2881 814 2950 δι
834 2878 967 2967 contra,
993 2879 1161 2975 augendae
1179 2877 1337 2951 domina·

356 2997 444 3070 tioni
466 3018 663 3072 certaretur.
713 2999 799 3071 Non
821 2997 904 3071 aliss
926 2995 1055 3094 majore
1079 2997 1172 3070 mole
1189 3021 1336 3070 concur-

356 3116 447 3210 sum,
473 3143 589 3216 neque
613 3117 780 3215 ambiguo
808 3116 920 3214 magis
944 3136 1086 3206 eventu,
1111 3113 1190 3188 fusis
1214 3116 1337 3190 utrim-

357 3263 427 3335 que
466 3238 599 3310 dextris
641 3236 816 3310 cornibus.
888 3237 1165 3332 sperabaturque
1204 3235 1337 3312 rursum

358 3381 491 3454 pugna,
539 3354 577 3427 ni
611 3357 858 3428 Maroboduus
909 3355 1015 3428 castra
1054 3355 1090 3427 in
1122 3357 1226 3427 colles
1258 3355 1337 3430 sub-

356 3475 518 3548 duxisset.
579 3474 621 3546 ld
645 3477 782 3572 fignum
805 3475 949 3571 perculsi
973 3474 1061 3547 suit:
1097 3478 1131 3547 dr
1153 3474 1338 3574 transfugis

354 3594 537 3693 paullatim
573 3595 738 3683 nudatus,
781 3592 818 3666 in
850 3597 1122 3668 Marcomannos
1161 3599 1335 3686 conceffit,

355 3715 514 3812 misitque
541 3715 674 3812 legatos
707 3715 752 3787 ad
785 3715 969 3787 Tiberium
1008 3733 1166 3786 oraturos
1199 3715 1337 3789 auxilia.

356 3832 574 3931 Responsum
600 3833 664 3923 cst,
692 3841 720 3877 “
738 3860 810 3908 non
828 3834 907 3933 jure
937 3859 1019 3908 eum
1050 3835 1215 3908 advershs
1245 3836 1338 3907 Che·

356 3962 384 4004 “
400 3952 514 4030 luscos
538 3979 635 4058 arma
660 3957 823 4030 Romana
846 3955 1022 4044 invocare,
1059 3953 1118 4052 qui
1146 3973 1339 4052 pugnantes
