3259 5284
497 680 798 747 Auuncrnnt
832 671 1030 747 Lralll.
1204 674 1270 769 163

343 846 516 922 XXXIII.
538 851 661 923 Iurat
692 872 770 946 quae
799 848 943 920 Severus
965 842 1104 919 Caecina
1131 842 1272 934 censuit,

296 970 323 1007 “
341 992 385 1039 ne
401 991 509 1063 quern
525 967 779 1066 magistratum,
802 966 860 1040 eui
874 965 1054 1064 provincia
1066 964 1273 1053 obvenifl'et,

296 1092 323 1127 “
349 1111 439 1159 uxor
475 1088 698 1161 comitaretur
714 1089 751 1159 :''
801 1088 953 1160 multum
991 1084 1069 1157 ante
1109 1081 1274 1179 repetitu,

296 1207 554 1279 “concordem
579 1206 639 1279 fibi
665 1204 868 1304 conjugem,
897 1210 929 1278 δε
955 1203 1013 1277 sex
1037 1222 1152 1301 partus
1175 1200 1274 1273 enix-

296 1331 325 1366 “
341 1352 425 1397 am:
452 1324 571 1422 seque,
599 1352 678 1423 quae
704 1324 740 1398 in
764 1325 946 1422 publicum
974 1323 1149 1411 statueret,
1175 1321 1273 1394 domi

296 1449 324 1485 “
341 1441 533 1535 servaviffe,
568 1444 722 1519 cohibita
753 1444 840 1518 intra
873 1443 1022 1533 Italiam,
1059 1466 1276 1538 quamquam

296 1568 324 1604 “
343 1562 413 1660 ipse
431 1564 546 1659 plures
563 1589 625 1660 per
640 1563 837 1659 provincias
855 1561 1084 1661 quadraginta
1107 1559 1276 1657 stipendia

297 1688 325 1723 “
343 1682 554 1778 expleviffet.
605 1684 717 1755 Haud
734 1682 828 1755 enim
847 1681 969 1754 frustra
988 1679 1153 1777 placitum
1173 1678 1274 1768 olim,

297 1807 325 1842 ‘⁴
344 1826 388 1873 ne
404 1800 542 1874 serninae
563 1800 600 1872 in
621 1800 730 1874 socios
753 1821 812 1874 aut
837 1821 958 1899 gentes
983 1820 1139 1872 externas
1163 1800 1275 1871 trahe*

297 1924 326 1961 “
343 1939 486 1992 renturr
513 1920 618 1992 ineffe
634 1918 820 1993 mulierum
837 1919 1031 2009 comitatui,
1060 1944 1138 2016 qua
1153 1941 1276 2014 pacem

297 2043 325 2080 “
343 2039 445 2128 luxu,
473 2040 607 2111 bellum
633 2036 819 2112 formidine
847 2058 1042 2129 morentur,
1079 2042 1112 2110 δι
1140 2042 1275 2110 Roma·

297 2164 326 2200 “
343 2182 430 2231 num
457 2182 586 2255 agmen
611 2158 656 2229 ad
684 2156 942 2231 similitudinem
965 2154 1103 2230 barbari
1128 2153 1277 2229 incessite

297 2282 324 2319 “
342 2294 559 2350 convertant.
608 2278 696 2350 Non
708 2276 925 2351 imbecillum
939 2276 1089 2364 tantiam,
1117 2274 1275 2371 &impa-

298 2401 326 2439 “
342 2421 417 2469 rem
434 2396 612 2469 laboribus
630 2394 774 2483 sexum3
801 2393 873 2485 sed,
900 2398 922 2468 fi
941 2393 1077 2469 licentia
1090 2394 1190 2483 adsit,
1216 2392 1276 2468 Iae·

297 2521 325 2557 “
342 2540 443 2606 vum,
470 2514 704 2604 ambitiosum,
733 2515 907 2613 potestatis
923 2515 1086 2587 av'idum:
1113 2514 1277 2588 incedere

297 2633 432 2707 “inter
458 2634 599 2723 milites,
631 2636 757 2707 habere
784 2636 830 2706 ad
856 2660 1001 2707 manum
1029 2632 1274 2707 centuriones:

298 2760 326 2797 “
345 2751 535 2849 praesediffe
560 2776 672 2847 nuper
696 2750 864 2823 feminam
887 2751 1048 2825 exercitio
1065 2750 1275 2842 cohortium,

300 2878 327 2915 “
346 2869 493 2944 decursu
504 2870 698 2968 legionum.
735 2869 1025 2968 Cogitarentipfi,
1052 2869 1211 2967 quotiens
1224 2895 1277 2942 re·

298 2996 326 3032 “
345 2991 578 3086 petundarum
595 2988 702 3086 aliqui
718 3008 960 3087 arguerentur,
986 2990 1088 3086 plura
1108 2987 1278 3062 uxoribus

300 3115 328 3151 “
346 3105 529 3207 objectari:
570 3107 624 3181 his
655 3106 769 3182 statim
798 3104 1026 3180 adhaereseere
1053 3106 1278 3181 deterrimum

299 3233 328 3271 “
345 3250 524 3325 quemque
536 3226 826 3323 provincialium:
857 3229 903 3300 ab
917 3226 971 3299 his
987 3226 1129 3325 negotia
1137 3224 1277 3324 suscipi,

299 3355 328 3390 “
344 3345 509 3445 transigi:
539 3347 692 3419 duorum
709 3338 862 3444 egrefl'us
877 3344 960 3437 coli,
986 3348 1059 3420 duo
1072 3348 1138 3420 effe
1151 3368 1276 3444 praeto·

299 3474 328 3510 “
347 3466 420 3554 ria3
448 3465 687 3563 pervicacibus
704 3466 816 3563 magis
834 3468 867 3537 δι
885 3464 1136 3563 impotentibus
1153 3467 1278 3541 mulie-

300 3590 327 3627 “
345 3612 425 3659 rum
436 3583 547 3683 juliis,
576 3610 655 3682 quae
672 3584 798 3683 Oppiis
811 3585 1008 3683 quondam,
1034 3584 1175 3682 aliisque
1192 3586 1278 3687 legi-

300 3710 329 3746 “
347 3707 412 3777 bus
430 3704 635 3794 constricta,
662 3730 768 3793 nunc,
796 3704 918 3778 vinclis
937 3704 1110 3795 exsolutis,
1137 3705 1278 3797 domos,

302 3828 330 3864 “
347 3820 433 3911 fora,
453 3818 529 3917 jam
547 3828 581 3897 ἃ
599 3822 771 3897 exercitus
787 3824 983 3922 regerent.''

349 3941 522 4012 XXXIV.
564 3944 793 4015 Paucorum
832 3944 910 4016 haec
951 3942 1092 4017 adsensu
1136 3940 1278 4027 audita;

300 4060 416 4159 plures
429 4060 676 4153 obturbabant,
707 4066 734 4103 “
747 4062 877 4158 Neque
890 4063 1095 4137 relatumde
1112 4059 1251 4159 negotio
1265 4088 1278 4146 3

717 4182 764 4253 M
789 4206 809 4252 2
