3259 5284
327 413 392 490 xlii

326 610 409 660 nem
426 583 648 684 ignobilioris
666 587 699 658 δι
717 581 869 661 obscurae
883 583 1057 677 editionis,
1089 611 1197 684 quam
1215 587 1320 685 prelis

326 704 590 803 typographicis
620 704 926 796 accommodabat,
961 708 1020 780 vel
1053 707 1208 782 maxime
1245 707 1319 806 ejus

329 826 500 900 mendas:
530 824 682 898 Pichena
704 822 907 924 scripturam
923 850 1069 900 omnem
1093 828 1320 925 qualemcun-

329 943 584 1042 queLipsranae
597 945 652 1017 ed.
677 947 780 1048 1585.
818 945 978 1042 Ryckius
997 947 1053 1018 ed.
1070 946 1320 1040 Gronovianae,

329 1067 398 1138 five
425 1063 713 1140 Berneccerianae.
763 1069 855 1162 Qae
884 1090 968 1164 ergo
993 1065 1042 1139 est
1072 1089 1154 1138 vere
1178 1067 1322 1165 vulgata

332 1188 366 1260 a
395 1204 532 1282 recepta
559 1183 675 1257 Taciti
697 1183 827 1257 ledio?
862 1183 1023 1258 Profecto
1046 1182 1134 1282 saepe
1161 1185 1320 1264 animad-

331 1303 420 1378 verti
438 1304 589 1402 vulgata
605 1302 760 1376 lectionis
777 1329 907 1376 nomen
924 1303 1011 1378 nihil
1028 1305 1109 1394 effe,
1127 1303 1202 1394 nifi,
1221 1305 1318 1402 quod

330 1423 376 1496 de
415 1425 570 1497 Fortuna
609 1421 701 1496 dixit
732 1443 837 1496 vetus'
864 1422 1004 1521 aliquis,
1042 1428 1166 1519 αἷγνὸιας
1196 1425 1318 1511 ἔῖδωλον,

335 1541 537 1641 perfugium
567 1561 660 1615 certe
689 1539 838 1615 inscitiae.
887 1544 975 1617 Non
996 1541 1191 1618 videndum
1215 1545 1266 1618 est
1283 1544 1320 1617 in

333 1661 556 1761 scriptoribus
573 1659 738 1758 antiquis,
756 1686 834 1760 quae
863 1662 1007 1760 vulgata
1026 1662 1128 1735 lectio
1144 1666 1208 1736 fit:
1243 1661 1322 1736 sunt

333 1781 429 1858 enim
445 1781 536 1879 saepe
550 1781 585 1853 in
598 1807 669 1856 uno
680 1781 760 1855 loco
774 1783 888 1878 plures
903 1783 1054 1879 vulgata
1068 1810 1079 1869 ς
1102 1802 1207 1880 atque
1218 1782 1320 1858 etiam

337 1901 476 1976 mendae
492 1901 692 1999 vulgantur,
722 1921 761 1974 ut
777 1900 908 1976 centies
925 1901 962 1974 in
978 1899 1071 1974 notis
1088 1901 1134 1974 ad
1156 1901 1321 1976 Tacitum

336 2020 469 2096 docui:
495 2018 554 2092 sed
571 2045 649 2116 quae
667 2021 759 2092 bona
776 2023 828 2110 fit,
853 2020 985 2094 ebonis
998 2019 1095 2096 libris
1111 2024 1145 2094 δι
1163 2021 1321 2096 correctis

338 2141 459 2230 duda,
494 2143 528 2212 dc
566 2139 695 2238 lingum
731 2139 868 2240 legibus
904 2139 1072 2238 rebusque
1107 2139 1321 2219 consentiens

340 2257 556 2342 maxime-

823 2355 958 2432 Ernesti
981 2381 1062 2454 pag.
1092 2380 1248 2454 42-v-43.

391 2610 479 2706 Pag.
498 2632 556 2704 31.
581 2606 642 2680 lin.
663 2631 694 2704 7.
714 2607 780 2702 post
801 2607 899 2678 verba
919 2606 999 2679 ΜΒ.
1024 2605 1222 2681 Corbeienfi
1232 2627 1321 2704 pone,

347 2726 439 2824 (vid.
459 2751 540 2831 pag.
562 2751 593 2799 1.
617 2724 680 2798 lin.
697 2725 774 2820 20.)

394 2872 482 2968 Pag.
501 2889 559 2966 37.
586 2867 646 2941 lin.
664 2891 722 2965 23.
739 2880 811 2940 ante
839 2867 967 2940 verbum
995 2871 1102 2942 Anno
1118 2887 1210 2982 pone,
1239 2867 1321 2950 Vid,

349 3015 432 3098 pag.
450 3015 508 3064 20.
525 2987 585 3064 lin.
607 2988 662 3066 16.
