3259 5284
325 500 393 579 ³66
537 498 579 572 C.
605 497 853 571 Coanrnrr
883 496 1064 571 Tncrrr
1163 570 1170 573 .

322 670 435 769 Igitur
450 673 493 746 C.
509 674 643 748 Cestius
652 672 785 762 senator
796 672 970 757 disseruit3
1000 678 1028 713 “
1040 668 1215 767 Principes
1226 670 1303 769 qui·

324 792 454 865 “dem
481 792 586 867 instar
613 794 763 867 deorum
786 796 879 865 esse:
911 790 967 865 sed
990 814 1103 888 neque
1119 816 1140 863 a
1155 790 1220 863 diis
1243 790 1304 864 nisi

325 917 337 952 ‘
342 917 354 951 ‘
364 908 477 1007 justas
484 911 679 1008 supplicum
692 937 811 1009 preces
823 911 947 1001 audiri,
963 934 1077 1007 neque
1090 934 1305 1007 quemquam

326 1035 354 1081 “
373 1028 410 1101 in
422 1029 654 1127 Capitolium,
668 1032 779 1105 aliave
790 1031 901 1105 Urbis
914 1032 1045 1128 templa
1059 1026 1252 1128 perfugere,
1265 1050 1304 1101 ut

326 1152 355 1191 “
372 1173 416 1221 eo
440 1146 591 1223 subsidio
612 1152 658 1223 ad
687 1150 817 1249 flagitia
840 1169 967 1223 utatur.
1019 1149 1179 1223 Abolitas
1196 1150 1303 1245 leges,

325 1274 354 1313 “
373 1272 406 1340 δι
424 1265 578 1343 funditus
594 1267 720 1360 versas,
747 1271 810 1343 ubi
828 1270 864 1343 in
880 1270 969 1359 foro,
993 1270 1031 1343 in
1049 1267 1170 1343 limine
1186 1266 1303 1358 curia,

327 1392 355 1435 “
373 1390 418 1461 ab
432 1388 549 1461 Annis
559 1390 705 1479 Rufius,
732 1415 840 1485 quam
853 1388 984 1463 fraudis
1000 1388 1063 1465 sub
1073 1386 1192 1487 judice
1204 1390 1303 1461 dam·

327 1513 356 1550 “
374 1506 532 1598 navisset,
564 1511 691 1604 probra
709 1506 770 1581 fibi
786 1512 820 1581 δι
840 1508 943 1581 minae
965 1508 1216 1583 intendantur:
1244 1532 1304 1580 ne-

328 1633 355 1670 “
375 1652 445 1723 que
468 1625 539 1723 ipse
556 1628 680 1701 audeat
696 1626 748 1722 jus
765 1628 927 1725 experiri,
955 1630 1004 1701 ob
1019 1628 1172 1726 effigiem
1188 1630 1304 1725 Impe-

327 1752 356 1789 “
373 1746 491 1820 satoris
507 1749 738 1843 oppositam.'’
763 1749 876 1821 Haud
896 1748 1065 1821 dissimilia
1082 1747 1151 1836 alii,
1179 1751 1213 1819 δι
1227 1746 1305 1845 qui-

325 1865 411 1939 dam
451 1865 622 1939 atrociora
662 1865 1015 1964 circumstrepebant3
1063 1868 1306 1963 precabantur·

327 2011 398 2084 que
425 1985 593 2076 Drusum,
619 1993 647 2029 “
660 1987 760 2059 daret
786 1984 929 2059 ultionis
958 1986 1162 2083 exemplum
1179 1987 1216 2057 :''
1241 1987 1305 2059 do·

328 2131 393 2179 nec
405 2106 554 2179 accitam
564 2105 832 2203 convictamque
848 2105 985 2178 attineri
1001 2104 1141 2201 publica
1153 2104 1307 2181 custodiri

322 2222 428 2321 jussit.

378 2345 572 2417 XXXVII.
608 2346 665 2417 Er
687 2344 912 2417 Consrurns
932 2344 1087 2443 AEquus,
1119 2350 1152 2419 bt
1175 2344 1307 2419 coelius

326 2460 453 2540 Cursor
468 2463 602 2560 equites
620 2462 791 2551 Romani,
823 2463 919 2561 qubd
937 2463 1025 2537 fietis
1042 2464 1225 2564 majestatis
1241 2465 1306 2539 cri-

328 2582 482 2657 minibus
511 2582 680 2681 Magium
705 2582 952 2673 Caecilianum,
988 2603 1185 2680 praetorem,
1219 2584 1307 2683 peti,

328 2704 464 2793 viffent,
494 2704 635 2776 audiore
649 2700 826 2799 Principe,
856 2727 896 2775 ac
918 2702 1059 2776 decreto
1080 2700 1213 2777 senatus
1244 2730 1307 2802 pu·

327 2824 403 2897 niti.
452 2826 657 2918 Utrumque
668 2821 704 2894 in
716 2823 858 2895 laudern
869 2824 970 2895 Drufi
982 2824 1197 2897 trahebatur:
1225 2830 1252 2865 “
1263 2824 1310 2897 ab

330 2950 358 2987 “
376 2968 433 3035 eo,
469 2942 506 3017 in
528 2944 634 3017 Urbe
647 2942 737 3015 inter
752 2961 864 3015 coetus
882 2945 915 3013 br
934 2939 1105 3015 sermones
1127 2940 1310 3019 hominurn

330 3070 359 3113 “
378 3063 596 3150 obversante,
622 3060 749 3134 secreta
764 3060 867 3156 patris
879 3060 1029 3158 mitigari
1044 3062 1080 3132 :”
1103 3062 1309 3158 nequclurn

329 3208 371 3256 us
387 3181 423 3253 in
433 3180 566 3277 juvene
582 3178 671 3254 adei>
687 3179 890 3275 displicebat
907 3208 916 3252 ι
943 3186 970 3221 “
988 3182 1056 3254 huc
1075 3179 1188 3278 potiris
1200 3180 1311 3255 intent

331 3306 360 3342 “
377 3301 488 3387 deret,
515 3297 610 3368 diem
627 3295 852 3385 editionibus,
880 3299 1020 3371 nudem
1045 3299 1217 3375 conviviis
1242 3318 1311 3373 tta,

333 3425 362 3463 “
379 3418 491 3506 heret,
522 3415 631 3512 quam
650 3412 739 3486 solus
757 3419 790 3487 δι
808 3414 913 3487 nullis
930 3416 1171 3512 voluptatibus
1187 3443 1312 3493 avoca·

218 3629 222 3637 ,
334 3546 362 3580 “
379 3556 448 3625 tus,
479 3534 633 3608 maestam
661 3530 897 3630 vigilantiam,
929 3537 963 3605 ἃ
990 3536 1098 3609 malas
1124 3562 1221 3612 curas
1250 3564 1312 3611 ex-

334 3642 362 3681 “
401 3660 416 3705 r
458 3633 544 3705 ret.''

380 3659 591 3827 itiixvssr.
604 3752 697 3823 Non
711 3749 805 3822 enim
817 3750 995 3841 Tiberius,
1016 3777 1088 3823 non
1102 3754 1314 3829 accusatores

333 3871 548 3969 fatiscebant.
601 3872 649 3944 Et
675 3870 872 3944 Ancharius
897 3870 1032 3947 Priscus
1054 3874 1203 3948 Casium
1225 3875 1314 3951 Con
