<?xml version="1.0" encoding="UTF-8"?>
<!DOCTYPE html PUBLIC "-//W3C//DTD XHTML 1.0 Transitional//EN"
    "http://www.w3.org/TR/xhtml1/DTD/xhtml1-transitional.dtd">
<html xmlns="http://www.w3.org/1999/xhtml" xml:lang="en" lang="en">
 <head>
  <title>
</title>
<meta http-equiv="Content-Type" content="text/html;charset=utf-8" />
  <meta name='ocr-system' content='tesseract 3.04.00' />
  <meta name='ocr-capabilities' content='ocr_page ocr_carea ocr_par ocr_line ocrx_word'/>
</head>
<body>
  <div class='ocr_page' id='page_1' title='image "./ccorneliitaciti04freigoog_0312.png"; bbox 0 0 3259 5284; ppageno 0'>
   <div class='ocr_carea' id='block_1_1' title="bbox 419 551 1219 653">
    <p class='ocr_par' dir='ltr' id='par_1_1' title="bbox 419 551 1219 653">
     <span class='ocr_line' id='line_1_1' title="bbox 419 551 1219 653; baseline 0 -24"><span class='ocrx_word' id='word_1_1' title='bbox 419 578 492 653; x_wconf 84' lang='lat'>254</span> <span class='ocrx_word' id='word_1_2' title='bbox 635 551 1219 631; x_wconf 78' lang='lat' dir='ltr'>C.Conust.trTncrrr</span> 
     </span>
    </p>
   </div>
   <div class='ocr_carea' id='block_1_2' title="bbox 387 730 1391 4051">
    <p class='ocr_par' dir='ltr' id='par_1_2' title="bbox 413 730 1387 1305">
     <span class='ocr_line' id='line_1_2' title="bbox 417 730 1387 830; baseline -0.004 -23"><span class='ocrx_word' id='word_1_3' title='bbox 417 756 487 830; x_wconf 90' lang='lat' dir='ltr'>que</span> <span class='ocrx_word' id='word_1_4' title='bbox 504 730 566 829; x_wconf 76' lang='lat' dir='ltr'>ipss</span> <span class='ocrx_word' id='word_1_5' title='bbox 583 730 734 805; x_wconf 83' lang='lat' dir='ltr'>dedecus</span> <span class='ocrx_word' id='word_1_6' title='bbox 751 732 943 803; x_wconf 67' lang='lat' dir='ltr'>narravere.</span> <span class='ocrx_word' id='word_1_7' title='bbox 992 730 1077 805; x_wconf 92' lang='lat' dir='ltr'>Non</span> <span class='ocrx_word' id='word_1_8' title='bbox 1093 731 1177 805; x_wconf 76' lang='lat' dir='ltr'>aliirs</span> <span class='ocrx_word' id='word_1_9' title='bbox 1191 731 1303 829; x_wconf 80' lang='lat' dir='ltr'>magis</span> <span class='ocrx_word' id='word_1_10' title='bbox 1325 755 1387 803; x_wconf 79' lang='lat' dir='ltr'>an·</span> 
     </span>
     <span class='ocr_line' id='line_1_3' title="bbox 415 849 1387 948; baseline -0.004 -23"><span class='ocrx_word' id='word_1_11' title='bbox 415 852 522 925; x_wconf 82' lang='lat' dir='ltr'>xia&amp;</span> <span class='ocrx_word' id='word_1_12' title='bbox 543 876 672 947; x_wconf 90' lang='lat' dir='ltr'>pavens</span> <span class='ocrx_word' id='word_1_13' title='bbox 687 850 823 939; x_wconf 85' lang='lat' dir='ltr'>civitas,</span> <span class='ocrx_word' id='word_1_14' title='bbox 848 876 954 948; x_wconf 83' lang='lat' dir='ltr'>egens</span> <span class='ocrx_word' id='word_1_15' title='bbox 979 851 1162 923; x_wconf 77' lang='lat' dir='ltr'>adversum</span> <span class='ocrx_word' id='word_1_16' title='bbox 1180 849 1360 947; x_wconf 85' lang='lat' dir='ltr'>proximos</span> <span class='ocrx_word' id='word_1_17' title='bbox 1371 878 1387 936; x_wconf 87' lang='lat'>;</span> 
     </span>
     <span class='ocr_line' id='line_1_4' title="bbox 414 968 1385 1069; baseline -0.004 -24"><span class='ocrx_word' id='word_1_18' title='bbox 414 971 628 1069; x_wconf 82' lang='lat' dir='ltr'>congreffus,</span> <span class='ocrx_word' id='word_1_19' title='bbox 655 968 856 1068; x_wconf 88' lang='lat' dir='ltr'>conloquia,</span> <span class='ocrx_word' id='word_1_20' title='bbox 885 988 977 1043; x_wconf 76' lang='lat' dir='ltr'>nota</span> <span class='ocrx_word' id='word_1_21' title='bbox 993 969 1195 1067; x_wconf 74' lang='lat' dir='ltr'>ignotaque</span> <span class='ocrx_word' id='word_1_22' title='bbox 1209 995 1308 1044; x_wconf 86' lang='lat' dir='ltr'>aures</span> <span class='ocrx_word' id='word_1_23' title='bbox 1329 968 1385 1041; x_wconf 81' lang='lat' dir='ltr'>vi-</span> 
     </span>
     <span class='ocr_line' id='line_1_5' title="bbox 414 1087 1384 1187; baseline 0 -24"><span class='ocrx_word' id='word_1_24' title='bbox 414 1090 504 1164; x_wconf 81' lang='lat' dir='ltr'>tarir</span> <span class='ocrx_word' id='word_1_25' title='bbox 539 1088 644 1163; x_wconf 87' lang='lat' dir='ltr'>eriam</span> <span class='ocrx_word' id='word_1_26' title='bbox 669 1108 767 1161; x_wconf 84' lang='lat' dir='ltr'>muta</span> <span class='ocrx_word' id='word_1_27' title='bbox 792 1108 897 1186; x_wconf 89' lang='lat' dir='ltr'>atque</span> <span class='ocrx_word' id='word_1_28' title='bbox 913 1087 1081 1179; x_wconf 88' lang='lat' dir='ltr'>inanima,</span> <span class='ocrx_word' id='word_1_29' title='bbox 1110 1091 1243 1163; x_wconf 74' lang='lat' dir='ltr'>tenum</span> <span class='ocrx_word' id='word_1_30' title='bbox 1265 1094 1300 1163; x_wconf 72' lang='grc' dir='ltr'>δι</span> <span class='ocrx_word' id='word_1_31' title='bbox 1321 1114 1384 1187; x_wconf 88' lang='lat' dir='ltr'>pa-</span> 
     </span>
     <span class='ocr_line' id='line_1_6' title="bbox 413 1205 923 1305; baseline -0.004 -22"><span class='ocrx_word' id='word_1_32' title='bbox 413 1210 515 1285; x_wconf 87' lang='lat' dir='ltr'>rietes</span> <span class='ocrx_word' id='word_1_33' title='bbox 538 1205 923 1305; x_wconf 70' lang='lat' dir='ltr'>circumspedabantur.</span> 
     </span>
    </p>

    <p class='ocr_par' dir='ltr' id='par_1_3' title="bbox 387 1326 1391 4051">
     <span class='ocr_line' id='line_1_7' title="bbox 461 1326 1384 1424; baseline 0 -23"><span class='ocrx_word' id='word_1_34' title='bbox 461 1329 581 1403; x_wconf 87' lang='lat' dir='ltr'><strong>LXX.</strong></span> <span class='ocrx_word' id='word_1_35' title='bbox 617 1328 693 1399; x_wconf 78' lang='lat' dir='ltr'>Suu</span> <span class='ocrx_word' id='word_1_36' title='bbox 722 1326 835 1401; x_wconf 81' lang='lat' dir='ltr'>Caesar</span> <span class='ocrx_word' id='word_1_37' title='bbox 858 1326 1037 1401; x_wconf 82' lang='lat' dir='ltr'>sollemnia</span> <span class='ocrx_word' id='word_1_38' title='bbox 1061 1326 1258 1424; x_wconf 83' lang='lat' dir='ltr'>incipientis</span> <span class='ocrx_word' id='word_1_39' title='bbox 1288 1328 1384 1418; x_wconf 88' lang='lat' dir='ltr'>anni,</span> 
     </span>
     <span class='ocr_line' id='line_1_8' title="bbox 413 1446 1386 1544; baseline -0.003 -22"><span class='ocrx_word' id='word_1_40' title='bbox 413 1446 580 1523; x_wconf 79' lang='lat' dir='ltr'>Kalendis</span> <span class='ocrx_word' id='word_1_41' title='bbox 612 1446 794 1542; x_wconf 86' lang='lat' dir='ltr'>Januariis‚</span> <span class='ocrx_word' id='word_1_42' title='bbox 831 1446 974 1544; x_wconf 69' lang='lat' dir='ltr'>epistoli</span> <span class='ocrx_word' id='word_1_43' title='bbox 1006 1467 1188 1542; x_wconf 86' lang='lat' dir='ltr'>precatus;</span> <span class='ocrx_word' id='word_1_44' title='bbox 1219 1447 1321 1521; x_wconf 82' lang='lat' dir='ltr'>vertit</span> <span class='ocrx_word' id='word_1_45' title='bbox 1348 1447 1386 1519; x_wconf 92' lang='lat' dir='ltr'>in</span> 
     </span>
     <span class='ocr_line' id='line_1_9' title="bbox 387 1564 1384 1669; baseline -0.004 -28"><span class='ocrx_word' id='word_1_46' title='bbox 387 1568 598 1669; x_wconf 83' lang='lat' dir='ltr'>¹Sabinum,</span> <span class='ocrx_word' id='word_1_47' title='bbox 642 1572 670 1609; x_wconf 92' lang='lat'><strong>“</strong></span> <span class='ocrx_word' id='word_1_48' title='bbox 690 1584 869 1661; x_wconf 88' lang='lat' dir='ltr'>corruptos</span> <span class='ocrx_word' id='word_1_49' title='bbox 903 1564 1072 1665; x_wconf 89' lang='lat' dir='ltr'>quosdam</span> <span class='ocrx_word' id='word_1_50' title='bbox 1090 1566 1310 1655; x_wconf 88' lang='lat' dir='ltr'>libertorum,</span> <span class='ocrx_word' id='word_1_51' title='bbox 1348 1570 1384 1637; x_wconf 72' lang='grc' dir='ltr'>δι</span> 
     </span>
     <span class='ocr_line' id='line_1_10' title="bbox 416 1683 1386 1784; baseline 0 -25"><span class='ocrx_word' id='word_1_52' title='bbox 416 1695 443 1731; x_wconf 90' lang='grc'><strong>“</strong></span> <span class='ocrx_word' id='word_1_53' title='bbox 464 1686 613 1784; x_wconf 90' lang='lat' dir='ltr'>petitum</span> <span class='ocrx_word' id='word_1_54' title='bbox 629 1683 687 1759; x_wconf 86' lang='lat' dir='ltr'>se’&#39;</span> <span class='ocrx_word' id='word_1_55' title='bbox 703 1710 865 1782; x_wconf 85' lang='lat' dir='ltr'>arguens,</span> <span class='ocrx_word' id='word_1_56' title='bbox 875 1684 1118 1783; x_wconf 81' lang='lat' dir='ltr'><strong>ultionemque</strong></span> <span class='ocrx_word' id='word_1_57' title='bbox 1134 1687 1228 1759; x_wconf 89' lang='lat' dir='ltr'>haud</span> <span class='ocrx_word' id='word_1_58' title='bbox 1244 1684 1386 1759; x_wconf 67' lang='lat' dir='ltr'>obscure</span> 
     </span>
     <span class='ocr_line' id='line_1_11' title="bbox 416 1804 1385 1903; baseline -0.002 -24"><span class='ocrx_word' id='word_1_59' title='bbox 416 1804 596 1903; x_wconf 88' lang='lat' dir='ltr'>poscebat:</span> <span class='ocrx_word' id='word_1_60' title='bbox 627 1828 692 1878; x_wconf 88' lang='lat' dir='ltr'>nec</span> <span class='ocrx_word' id='word_1_61' title='bbox 717 1830 830 1894; x_wconf 87' lang='lat' dir='ltr'>mora,</span> <span class='ocrx_word' id='word_1_62' title='bbox 853 1804 938 1901; x_wconf 88' lang='lat' dir='ltr'>quin</span> <span class='ocrx_word' id='word_1_63' title='bbox 964 1808 1229 1879; x_wconf 84' lang='lat' dir='ltr'>decerneretur:</span> <span class='ocrx_word' id='word_1_64' title='bbox 1255 1807 1290 1875; x_wconf 69' lang='grc' dir='ltr'>ἃ</span> <span class='ocrx_word' id='word_1_65' title='bbox 1314 1824 1385 1877; x_wconf 89' lang='lat' dir='ltr'>tra·</span> 
     </span>
     <span class='ocr_line' id='line_1_12' title="bbox 415 1923 1385 2021; baseline 0 -22"><span class='ocrx_word' id='word_1_66' title='bbox 415 1926 562 1999; x_wconf 85' lang='lat' dir='ltr'>hebatur</span> <span class='ocrx_word' id='word_1_67' title='bbox 589 1924 786 2014; x_wconf 85' lang='lat' dir='ltr'>damnatus,</span> <span class='ocrx_word' id='word_1_68' title='bbox 818 1924 1002 2021; x_wconf 76' lang='lat' dir='ltr'>quantum,</span> <span class='ocrx_word' id='word_1_69' title='bbox 1039 1924 1192 1997; x_wconf 74' lang='lat' dir='ltr'>obdunt</span> <span class='ocrx_word' id='word_1_70' title='bbox 1217 1923 1324 2012; x_wconf 85' lang='lat' dir='ltr'>veste,</span> <span class='ocrx_word' id='word_1_71' title='bbox 1349 1929 1385 1999; x_wconf 87' lang='lat'>&amp;</span> 
     </span>
     <span class='ocr_line' id='line_1_13' title="bbox 415 2039 1386 2139; baseline -0.003 -20"><span class='ocrx_word' id='word_1_72' title='bbox 415 2042 580 2119; x_wconf 72' lang='lat' dir='ltr'>adstrinis</span> <span class='ocrx_word' id='word_1_73' title='bbox 597 2039 766 2133; x_wconf 88' lang='lat' dir='ltr'>faucibus,</span> <span class='ocrx_word' id='word_1_74' title='bbox 795 2042 859 2117; x_wconf 91' lang='lat' dir='ltr'>niti</span> <span class='ocrx_word' id='word_1_75' title='bbox 885 2063 1028 2139; x_wconf 90' lang='lat' dir='ltr'>poterat,</span> <span class='ocrx_word' id='word_1_76' title='bbox 1062 2042 1255 2131; x_wconf 87' lang='lat' dir='ltr'>clamitans,</span> <span class='ocrx_word' id='word_1_77' title='bbox 1287 2050 1315 2085; x_wconf 88' lang='lat'><strong>“</strong></span> <span class='ocrx_word' id='word_1_78' title='bbox 1328 2042 1386 2117; x_wconf 87' lang='lat' dir='ltr'>Sic</span> 
     </span>
     <span class='ocr_line' id='line_1_14' title="bbox 419 2161 1387 2260; baseline 0 -25"><span class='ocrx_word' id='word_1_79' title='bbox 419 2171 446 2206; x_wconf 90' lang='lat'><strong>“</strong></span> <span class='ocrx_word' id='word_1_80' title='bbox 464 2162 618 2237; x_wconf 90' lang='lat' dir='ltr'>inchoari</span> <span class='ocrx_word' id='word_1_81' title='bbox 634 2188 781 2252; x_wconf 91' lang='lat' dir='ltr'>annum,</span> <span class='ocrx_word' id='word_1_82' title='bbox 810 2166 872 2237; x_wconf 88' lang='lat' dir='ltr'>has</span> <span class='ocrx_word' id='word_1_83' title='bbox 885 2162 1007 2260; x_wconf 81' lang='lat' dir='ltr'>sejano</span> <span class='ocrx_word' id='word_1_84' title='bbox 1032 2161 1189 2235; x_wconf 70' lang='lat' dir='ltr'>victimas</span> <span class='ocrx_word' id='word_1_85' title='bbox 1211 2161 1334 2235; x_wconf 84' lang='lat' dir='ltr'>cadere</span> <span class='ocrx_word' id='word_1_86' title='bbox 1348 2162 1387 2235; x_wconf 80' lang='lat'>:&#39;&#39;</span> 
     </span>
     <span class='ocr_line' id='line_1_15' title="bbox 417 2278 1389 2380; baseline -0.002 -25"><span class='ocrx_word' id='word_1_87' title='bbox 417 2282 490 2380; x_wconf 77' lang='lat' dir='ltr'>qud</span> <span class='ocrx_word' id='word_1_88' title='bbox 505 2282 700 2355; x_wconf 76' lang='lat' dir='ltr'>intendisset</span> <span class='ocrx_word' id='word_1_89' title='bbox 716 2284 851 2371; x_wconf 89' lang='lat' dir='ltr'>oculos,</span> <span class='ocrx_word' id='word_1_90' title='bbox 882 2282 954 2380; x_wconf 82' lang='lat' dir='ltr'>qud</span> <span class='ocrx_word' id='word_1_91' title='bbox 979 2284 1086 2355; x_wconf 80' lang='lat' dir='ltr'>verbs</span> <span class='ocrx_word' id='word_1_92' title='bbox 1099 2279 1308 2371; x_wconf 90' lang='lat' dir='ltr'>acciderent,</span> <span class='ocrx_word' id='word_1_93' title='bbox 1330 2278 1389 2353; x_wconf 85' lang='lat' dir='ltr'>fu·</span> 
     </span>
     <span class='ocr_line' id='line_1_16' title="bbox 416 2398 1384 2501; baseline -0.004 -25"><span class='ocrx_word' id='word_1_94' title='bbox 416 2429 474 2501; x_wconf 86' lang='lat' dir='ltr'>ga,</span> <span class='ocrx_word' id='word_1_95' title='bbox 499 2401 658 2475; x_wconf 86' lang='lat' dir='ltr'>vastitas:</span> <span class='ocrx_word' id='word_1_96' title='bbox 684 2400 789 2475; x_wconf 88' lang='lat' dir='ltr'>deseri</span> <span class='ocrx_word' id='word_1_97' title='bbox 813 2402 947 2490; x_wconf 89' lang='lat' dir='ltr'>itinera,</span> <span class='ocrx_word' id='word_1_98' title='bbox 973 2403 1070 2473; x_wconf 82' lang='lat' dir='ltr'>fora:</span> <span class='ocrx_word' id='word_1_99' title='bbox 1101 2398 1304 2496; x_wconf 87' lang='lat' dir='ltr'>&amp;quidam</span> <span class='ocrx_word' id='word_1_100' title='bbox 1330 2425 1384 2473; x_wconf 88' lang='lat' dir='ltr'>re·</span> 
     </span>
     <span class='ocr_line' id='line_1_17' title="bbox 418 2516 1387 2619; baseline 0 -26"><span class='ocrx_word' id='word_1_101' title='bbox 418 2520 673 2619; x_wconf 84' lang='lat' dir='ltr'>grediebantur‚</span> <span class='ocrx_word' id='word_1_102' title='bbox 695 2522 982 2619; x_wconf 87' lang='lat' dir='ltr'>ostentabantque</span> <span class='ocrx_word' id='word_1_103' title='bbox 997 2517 1030 2592; x_wconf 90' lang='lat' dir='ltr'>se</span> <span class='ocrx_word' id='word_1_104' title='bbox 1045 2516 1191 2608; x_wconf 75' lang='lat' dir='ltr'>rursum,</span> <span class='ocrx_word' id='word_1_105' title='bbox 1216 2518 1254 2591; x_wconf 92' lang='lat' dir='ltr'>id</span> <span class='ocrx_word' id='word_1_106' title='bbox 1274 2517 1387 2615; x_wconf 90' lang='lat' dir='ltr'>ipsum</span> 
     </span>
     <span class='ocr_line' id='line_1_18' title="bbox 417 2636 1387 2738; baseline -0.001 -26"><span class='ocrx_word' id='word_1_107' title='bbox 417 2660 594 2737; x_wconf 88' lang='lat' dir='ltr'>paventes,</span> <span class='ocrx_word' id='word_1_108' title='bbox 612 2638 707 2738; x_wconf 84' lang='lat' dir='ltr'>qudd</span> <span class='ocrx_word' id='word_1_109' title='bbox 723 2639 921 2713; x_wconf 83' lang='lat' dir='ltr'>timuiffent.</span> <span class='ocrx_word' id='word_1_110' title='bbox 973 2645 1001 2681; x_wconf 92' lang='lat'><strong>“</strong></span> <span class='ocrx_word' id='word_1_111' title='bbox 1017 2642 1136 2734; x_wconf 83' lang='lat' dir='ltr'>Qtem</span> <span class='ocrx_word' id='word_1_112' title='bbox 1164 2636 1260 2711; x_wconf 91' lang='lat' dir='ltr'>enim</span> <span class='ocrx_word' id='word_1_113' title='bbox 1289 2637 1387 2711; x_wconf 89' lang='lat' dir='ltr'>diem</span> 
     </span>
     <span class='ocr_line' id='line_1_19' title="bbox 417 2757 1386 2856; baseline -0.001 -23"><span class='ocrx_word' id='word_1_114' title='bbox 417 2768 446 2804; x_wconf 89' lang='lat'><strong>“</strong></span> <span class='ocrx_word' id='word_1_115' title='bbox 465 2786 617 2833; x_wconf 85' lang='lat' dir='ltr'>vacuum</span> <span class='ocrx_word' id='word_1_116' title='bbox 634 2762 752 2856; x_wconf 68' lang='lat' dir='ltr'>poend,</span> <span class='ocrx_word' id='word_1_117' title='bbox 765 2759 828 2833; x_wconf 92' lang='lat' dir='ltr'>ubi</span> <span class='ocrx_word' id='word_1_118' title='bbox 842 2759 932 2831; x_wconf 86' lang='lat' dir='ltr'>inter</span> <span class='ocrx_word' id='word_1_119' title='bbox 948 2757 1039 2833; x_wconf 86' lang='lat' dir='ltr'>sacra</span> <span class='ocrx_word' id='word_1_120' title='bbox 1052 2760 1086 2829; x_wconf 75' lang='grc' dir='ltr'>δι</span> <span class='ocrx_word' id='word_1_121' title='bbox 1104 2776 1200 2845; x_wconf 89' lang='lat' dir='ltr'>vota,</span> <span class='ocrx_word' id='word_1_122' title='bbox 1211 2782 1283 2855; x_wconf 91' lang='lat' dir='ltr'>quo</span> <span class='ocrx_word' id='word_1_123' title='bbox 1295 2776 1386 2832; x_wconf 87' lang='lat' dir='ltr'>tem·</span> 
     </span>
     <span class='ocr_line' id='line_1_20' title="bbox 410 2876 1385 2975; baseline 0.003 -29"><span class='ocrx_word' id='word_1_124' title='bbox 410 2886 446 2946; x_wconf 28' lang='lat'>1“</span> <span class='ocrx_word' id='word_1_125' title='bbox 465 2904 549 2975; x_wconf 88' lang='lat' dir='ltr'>pore</span> <span class='ocrx_word' id='word_1_126' title='bbox 565 2878 678 2953; x_wconf 88' lang='lat' dir='ltr'>verbis</span> <span class='ocrx_word' id='word_1_127' title='bbox 694 2878 796 2953; x_wconf 86' lang='lat' dir='ltr'>etiam</span> <span class='ocrx_word' id='word_1_128' title='bbox 824 2876 972 2975; x_wconf 83' lang='lat' dir='ltr'>profanis</span> <span class='ocrx_word' id='word_1_129' title='bbox 996 2876 1155 2951; x_wconf 89' lang='lat' dir='ltr'>abstineri</span> <span class='ocrx_word' id='word_1_130' title='bbox 1183 2902 1259 2951; x_wconf 88' lang='lat' dir='ltr'>mos</span> <span class='ocrx_word' id='word_1_131' title='bbox 1288 2879 1385 2967; x_wconf 86' lang='lat' dir='ltr'>effer,</span> 
     </span>
     <span class='ocr_line' id='line_1_21' title="bbox 418 2994 1387 3095; baseline -0.002 -24"><span class='ocrx_word' id='word_1_132' title='bbox 418 3006 447 3042; x_wconf 88' lang='lat'><strong>“</strong></span> <span class='ocrx_word' id='word_1_133' title='bbox 466 3000 583 3073; x_wconf 89' lang='lat' dir='ltr'>vincla</span> <span class='ocrx_word' id='word_1_134' title='bbox 599 3002 633 3071; x_wconf 74' lang='grc' dir='ltr'>δι</span> <span class='ocrx_word' id='word_1_135' title='bbox 650 2999 792 3095; x_wconf 87' lang='lat' dir='ltr'>laqueus</span> <span class='ocrx_word' id='word_1_136' title='bbox 808 2998 1043 3071; x_wconf 81' lang='lat' dir='ltr'>inducantur?</span> <span class='ocrx_word' id='word_1_137' title='bbox 1076 2998 1163 3069; x_wconf 87' lang='lat' dir='ltr'>Non</span> <span class='ocrx_word' id='word_1_138' title='bbox 1185 2994 1387 3092; x_wconf 88' lang='lat' dir='ltr'>impruden·</span> 
     </span>
     <span class='ocr_line' id='line_1_22' title="bbox 418 3114 1386 3214; baseline 0 -23"><span class='ocrx_word' id='word_1_139' title='bbox 418 3127 447 3163; x_wconf 90' lang='lat'><strong>“</strong></span> <span class='ocrx_word' id='word_1_140' title='bbox 465 3139 536 3191; x_wconf 91' lang='lat' dir='ltr'>tem</span> <span class='ocrx_word' id='word_1_141' title='bbox 562 3118 744 3191; x_wconf 88' lang='lat' dir='ltr'>Tiberium</span> <span class='ocrx_word' id='word_1_142' title='bbox 761 3136 893 3191; x_wconf 87' lang='lat' dir='ltr'>tantam</span> <span class='ocrx_word' id='word_1_143' title='bbox 909 3115 1077 3190; x_wconf 88' lang='lat' dir='ltr'>invidiam</span> <span class='ocrx_word' id='word_1_144' title='bbox 1099 3114 1241 3189; x_wconf 84' lang='lat' dir='ltr'>adiiffe:</span> <span class='ocrx_word' id='word_1_145' title='bbox 1267 3120 1386 3214; x_wconf 82' lang='lat' dir='ltr'>quaefi·</span> 
     </span>
     <span class='ocr_line' id='line_1_23' title="bbox 419 3236 1386 3334; baseline -0.001 -23"><span class='ocrx_word' id='word_1_146' title='bbox 419 3246 448 3283; x_wconf 88' lang='lat'><strong>“</strong></span> <span class='ocrx_word' id='word_1_147' title='bbox 466 3258 542 3311; x_wconf 90' lang='lat' dir='ltr'>tum</span> <span class='ocrx_word' id='word_1_148' title='bbox 576 3236 863 3334; x_wconf 87' lang='lat' dir='ltr'>meditatumque‚</span> <span class='ocrx_word' id='word_1_149' title='bbox 887 3262 932 3309; x_wconf 89' lang='lat' dir='ltr'>ne</span> <span class='ocrx_word' id='word_1_150' title='bbox 959 3236 1046 3333; x_wconf 91' lang='lat' dir='ltr'>quid</span> <span class='ocrx_word' id='word_1_151' title='bbox 1071 3237 1242 3334; x_wconf 83' lang='lat' dir='ltr'>impedire</span> <span class='ocrx_word' id='word_1_152' title='bbox 1267 3237 1386 3310; x_wconf 88' lang='lat' dir='ltr'>creda-</span> 
     </span>
     <span class='ocr_line' id='line_1_24' title="bbox 419 3355 1386 3455; baseline 0 -26"><span class='ocrx_word' id='word_1_153' title='bbox 419 3365 447 3401; x_wconf 91' lang='lat'><strong>“</strong></span> <span class='ocrx_word' id='word_1_154' title='bbox 465 3377 534 3447; x_wconf 92' lang='lat' dir='ltr'>tur,</span> <span class='ocrx_word' id='word_1_155' title='bbox 553 3356 739 3453; x_wconf 87' lang='lat' dir='ltr'>quominus</span> <span class='ocrx_word' id='word_1_156' title='bbox 755 3355 840 3429; x_wconf 87' lang='lat' dir='ltr'>novi</span> <span class='ocrx_word' id='word_1_157' title='bbox 871 3355 1102 3453; x_wconf 84' lang='lat' dir='ltr'>magistratus,</span> <span class='ocrx_word' id='word_1_158' title='bbox 1127 3358 1309 3455; x_wconf 89' lang='lat' dir='ltr'>quomodo</span> <span class='ocrx_word' id='word_1_159' title='bbox 1325 3358 1386 3429; x_wconf 93' lang='lat' dir='ltr'>de-</span> 
     </span>
     <span class='ocr_line' id='line_1_25' title="bbox 419 3474 1386 3565; baseline 0 -16"><span class='ocrx_word' id='word_1_160' title='bbox 419 3483 446 3521; x_wconf 90' lang='lat'><strong>“</strong></span> <span class='ocrx_word' id='word_1_161' title='bbox 465 3478 565 3550; x_wconf 89' lang='lat' dir='ltr'>lubra</span> <span class='ocrx_word' id='word_1_162' title='bbox 581 3480 614 3548; x_wconf 75' lang='lat' dir='ltr'>u</span> <span class='ocrx_word' id='word_1_163' title='bbox 631 3474 763 3565; x_wconf 87' lang='lat' dir='ltr'>altaria,</span> <span class='ocrx_word' id='word_1_164' title='bbox 793 3478 837 3549; x_wconf 86' lang='lat' dir='ltr'>fic</span> <span class='ocrx_word' id='word_1_165' title='bbox 865 3500 1036 3550; x_wconf 87' lang='lat' dir='ltr'>carcerem</span> <span class='ocrx_word' id='word_1_166' title='bbox 1062 3477 1279 3551; x_wconf 86' lang='lat' dir='ltr'>recludant.’&#39;</span> <span class='ocrx_word' id='word_1_167' title='bbox 1327 3478 1386 3549; x_wconf 88' lang='lat' dir='ltr'>Se·</span> 
     </span>
     <span class='ocr_line' id='line_1_26' title="bbox 419 3593 1391 3694; baseline -0.001 -26"><span class='ocrx_word' id='word_1_168' title='bbox 419 3613 509 3669; x_wconf 87' lang='lat' dir='ltr'>eutae</span> <span class='ocrx_word' id='word_1_169' title='bbox 534 3593 672 3690; x_wconf 85' lang='lat' dir='ltr'>insuper</span> <span class='ocrx_word' id='word_1_170' title='bbox 703 3594 825 3686; x_wconf 77' lang='lat' dir='ltr'>litera,</span> <span class='ocrx_word' id='word_1_171' title='bbox 852 3614 963 3693; x_wconf 82' lang='lat' dir='ltr'>grates</span> <span class='ocrx_word' id='word_1_172' title='bbox 988 3595 1137 3694; x_wconf 86' lang='lat' dir='ltr'>agentis,</span> <span class='ocrx_word' id='word_1_173' title='bbox 1164 3603 1192 3639; x_wconf 77' lang='lat'>‘⁶</span> <span class='ocrx_word' id='word_1_174' title='bbox 1208 3596 1305 3692; x_wconf 75' lang='lat' dir='ltr'>quud</span> <span class='ocrx_word' id='word_1_175' title='bbox 1326 3597 1391 3667; x_wconf 90' lang='lat' dir='ltr'>ho·</span> 
     </span>
     <span class='ocr_line' id='line_1_27' title="bbox 420 3711 1388 3811; baseline 0.001 -26"><span class='ocrx_word' id='word_1_176' title='bbox 420 3711 598 3785; x_wconf 89' lang='lat' dir='ltr'>“minem</span> <span class='ocrx_word' id='word_1_177' title='bbox 628 3712 796 3787; x_wconf 84' lang='lat' dir='ltr'>infensum</span> <span class='ocrx_word' id='word_1_178' title='bbox 819 3712 1018 3811; x_wconf 84' lang='lat' dir='ltr'>reipublicae</span> <span class='ocrx_word' id='word_1_179' title='bbox 1036 3714 1244 3810; x_wconf 87' lang='lat' dir='ltr'>puniviffent</span> <span class='ocrx_word' id='word_1_180' title='bbox 1260 3716 1297 3785; x_wconf 87' lang='lat'>:&#39;&#39;</span> <span class='ocrx_word' id='word_1_181' title='bbox 1325 3715 1388 3786; x_wconf 86' lang='lat' dir='ltr'>ad-</span> 
     </span>
     <span class='ocr_line' id='line_1_28' title="bbox 413 3829 1389 3931; baseline 0.001 -26"><span class='ocrx_word' id='word_1_182' title='bbox 413 3829 522 3931; x_wconf 63' lang='lat' dir='ltr'>jedm</span> <span class='ocrx_word' id='word_1_183' title='bbox 546 3838 573 3874; x_wconf 89' lang='lat'><strong>“</strong></span> <span class='ocrx_word' id='word_1_184' title='bbox 583 3831 754 3929; x_wconf 85' lang='lat' dir='ltr'>trepidam</span> <span class='ocrx_word' id='word_1_185' title='bbox 772 3833 833 3907; x_wconf 89' lang='lat' dir='ltr'>fibi</span> <span class='ocrx_word' id='word_1_186' title='bbox 849 3832 971 3922; x_wconf 89' lang='lat' dir='ltr'>vitam,</span> <span class='ocrx_word' id='word_1_187' title='bbox 983 3831 1151 3929; x_wconf 69' lang='lat' dir='ltr'>suspedtas</span> <span class='ocrx_word' id='word_1_188' title='bbox 1166 3831 1389 3907; x_wconf 86' lang='lat' dir='ltr'>inimicorum</span> 
     </span>
     <span class='ocr_line' id='line_1_29' title="bbox 423 3950 1391 4051; baseline 0 -24"><span class='ocrx_word' id='word_1_189' title='bbox 423 3960 451 3998; x_wconf 87' lang='lat'>“</span> <span class='ocrx_word' id='word_1_190' title='bbox 468 3950 645 4045; x_wconf 86' lang='lat' dir='ltr'>infidias,”</span> <span class='ocrx_word' id='word_1_191' title='bbox 671 3953 769 4028; x_wconf 90' lang='lat' dir='ltr'>nullo</span> <span class='ocrx_word' id='word_1_192' title='bbox 792 3951 1001 4029; x_wconf 87' lang='lat' dir='ltr'>nominatim</span> <span class='ocrx_word' id='word_1_193' title='bbox 1016 3953 1253 4051; x_wconf 82' lang='lat' dir='ltr'>compellato:</span> <span class='ocrx_word' id='word_1_194' title='bbox 1275 3976 1391 4049; x_wconf 88' lang='lat' dir='ltr'>neque</span> 
     </span>
    </p>
   </div>
   <div class='ocr_carea' id='block_1_3' title="bbox 0 0 1638 5284">
    <p class='ocr_par' dir='ltr' id='par_1_4' title="bbox 0 0 1638 5284">
     <span class='ocr_line' id='line_1_30' title="bbox 0 0 1638 5284; baseline 0 0"><span class='ocrx_word' id='word_1_195' title='bbox 0 0 1638 5284; x_wconf 95' lang='lat' dir='ltr'> </span> 
     </span>
    </p>
   </div>
  </div>
 </body>
</html>
