3259 5284
406 549 473 621 190
617 512 1183 602 ccorssrurrem

401 706 428 741 “
448 696 681 795 promiscuum
702 702 748 777 ad
770 702 870 777 usum
894 704 1027 802 argenti
1049 704 1236 794 vertiffer,'’
1261 705 1368 803 recipi

399 818 511 893 caesar
533 821 620 895 inter
643 847 717 894 reos
743 824 876 909 vetuit;
901 827 1016 921 palam
1039 824 1238 921 aspernante
1266 825 1370 899 Ateio

399 940 583 1039 Capitone,
607 948 700 1043 quasi
719 969 781 1039 per
796 944 1002 1019 libertatem.
1049 952 1076 986 “
1091 946 1177 1017 Non
1197 944 1290 1018 enirn
1307 948 1368 1019 de·

399 1068 427 1107 “
446 1068 528 1137 berc
545 1063 631 1161 eripi
662 1064 815 1159 patribus
844 1064 918 1138 vim
948 1064 1131 1153 statuendi,
1157 1088 1270 1161 neque
1292 1086 1367 1139 tan·

400 1189 427 1226 “
443 1203 522 1257 tum
549 1183 762 1258 maleficium
787 1182 931 1280 impune
948 1186 1171 1257 habendum:
1196 1183 1272 1257 sane
1294 1186 1368 1258 len·

398 1310 427 1346 “
445 1322 501 1377 tut
525 1303 561 1375 in
584 1303 645 1377 suo
669 1303 791 1376 dolore
813 1306 921 1389 essen
951 1303 1148 1401 reipublicae
1171 1302 1306 1399 injurias
1322 1330 1368 1378 ne

401 1430 430 1466 “
447 1422 665 1521 largiretur.”
711 1422 898 1495 'Intellexit
926 1426 1001 1496 haec
1023 1423 1196 1513 Tiberius,
1218 1442 1256 1495 ut
1273 1444 1368 1497 erant

394 1541 523 1641 magis,
557 1540 665 1639 quam
685 1562 725 1615 ut
748 1543 975 1616 dicebantur:
1015 1542 1227 1641 perstititque
1260 1542 1365 1618 inter-

395 1663 530 1736 cedere.
577 1661 703 1757 Capito
719 1660 911 1759 insignitior
928 1659 1068 1735 infamia
1084 1659 1161 1751 fuit,
1188 1659 1286 1759 quod
1297 1666 1362 1737 hu·

395 1782 491 1857 mani
507 1781 684 1879 divinique
701 1779 788 1879 juris
808 1780 928 1872 sciens,
955 1780 1139 1880 egregium
1164 1782 1361 1879 publicum,

392 1903 555 1977 &bonas
576 1901 675 1975 dorni
690 1920 778 1975 artes
794 1900 1090 1975 dehonestavilset.

439 2024 580 2097 LXXI.
606 2024 781 2096 Iucsssrr
799 2020 881 2093 dein
898 2019 1032 2118 religiO,
1050 2045 1206 2118 quonam
1223 2020 1259 2093 in
1276 2040 1365 2095 tem·

299 2122 302 2125 ⁴
393 2143 454 2239 plo
482 2143 671 2215 locandum
688 2138 776 2213 foret
793 2140 941 2229 donum,
968 2139 1065 2237 quod
1083 2166 1147 2237 pro
1164 2140 1365 2215 valetudine

392 2259 564 2357 Augustae
588 2259 719 2355 equites
737 2259 890 2333 Romani
912 2279 1079 2333 voverant
1099 2258 1261 2355 Equestri
1279 2262 1365 2331 For·

392 2396 509 2452 tunaez
537 2404 619 2451 nam
636 2382 694 2451 etfi
721 2378 867 2453 delubra
883 2376 955 2475 ejus
970 2380 1046 2452 deae
1063 2379 1173 2452 multa
1188 2377 1225 2451 in
1249 2380 1363 2469 Urbe,

391 2500 528 2572 nullum
545 2519 663 2571 tamen
679 2498 738 2572 tali
755 2518 991 2595 cognomento
1006 2518 1098 2571 erat:
1125 2516 1299 2595 repertum
1315 2495 1365 2570 est

391 2620 505 2693 aedem
526 2620 593 2693 effe
614 2620 709 2716 apud
725 2617 889 2707 Antium,
916 2643 996 2713 quae
1027 2621 1071 2691 fic
1094 2635 1364 2711 nuncuparetur,

391 2747 420 2783 “
437 2734 647 2836 cunctasque
658 2737 875 2811 carimonias
899 2736 1026 2809 Italicis
1043 2736 1079 2808 in
1095 2734 1248 2833 oppidis,
1274 2756 1363 2809 tern-

391 2868 419 2904 “
436 2862 578 2957 plaque,
606 2864 640 2932 δι
656 2856 845 2931 numinum
858 2855 1002 2953 effigies,
1023 2852 1109 2953 juris
1125 2874 1230 2952 atque
1252 2855 1363 2951 impe·

390 2986 419 3022 “
436 2979 477 3053 rii
493 2977 648 3054 Romani
661 2978 729 3050 effe
740 2978 776 3048 :''
801 2976 848 3049 ita
870 2977 1005 3048 donum
1019 2975 1114 3072 apud
1130 2972 1278 3047 Antium
1298 2974 1363 3047 sta·

389 3098 508 3173 ruitur.
558 3100 605 3172 Et
634 3096 777 3193 quando
803 3096 850 3169 de
883 3092 1111 3191 religionibus
1137 3094 1358 3181 traclabatur,

387 3218 536 3291 dilatum
554 3241 666 3313 nuper
692 3212 890 3312 responsum
918 3213 1081 3287 adversbs
1097 3212 1256 3286 Servium
1278 3215 1361 3287 Ma·

387 3334 618 3435 luginensem‚
644 3333 823 3408 flaminem
847 3334 1001 3422 Dialem,
1029 3334 1195 3430 prompsit
1224 3331 1357 3418 Caesar3

387 3453 612 3552 recitavitque
643 3454 826 3526 decretum
864 3451 1097 3550 pontificum:
1140 3458 1166 3495 “
1186 3450 1361 3549 Qotiens

387 3582 416 3620 ‘⁶
433 3576 598 3648 valetudo
609 3572 749 3647 adversa
765 3573 943 3649 flaminem
954 3572 1093 3646 Dialem
1105 3572 1358 3661 inccssrlset,ut,

389 3702 418 3738 ‘⁴
437 3693 611 3791 pontificis
625 3692 772 3767 maximi
791 3692 946 3784 arbitrio,
974 3692 1156 3789 plusquam
1169 3689 1361 3765 binoctium

389 3820 417 3858 “
433 3814 584 3885 abeffet:
610 3814 698 3886 dum
719 3838 764 3886 ne
786 3812 910 3887 dicbus
939 3811 1070 3909 publici
1099 3808 1275 3899 sacrificii,
1292 3832 1362 3883 neu

388 3936 418 3979 ‘¹
435 3930 554 4030 sepius
571 3932 680 4029 quam
704 3931 756 4007 bis
783 3933 951 4007 eumdem
973 3932 1011 4007 in
1035 3930 1204 4007 annum.''
1252 3931 1359 4025 Qtae‚
