3259 5284
355 555 421 629 162
608 554 651 629 C.
684 556 919 631 cornuin
943 556 1124 631 Tncrrr

353 728 475 802 contri
499 732 704 804 Mamercus
727 732 886 821 Scaurus,
914 732 1011 805 &L.
1029 728 1232 820 Amantius,
1259 728 1333 805 alii·

354 874 424 945 que
446 850 549 921 Sullae
572 848 757 946 propinqui
780 848 1000 923 nitebantur:
1030 850 1210 923 cer'tabant
1231 849 1335 923 orati-

352 967 492 1057 onibus,
530 973 564 1041 &
593 971 876 1041 memorabantur
909 970 1117 1065 “exempla
1145 965 1334 1065 majorum,

356 1094 383 1130 “
402 1088 465 1185 qui
484 1085 680 1185 juventutis
706 1088 970 1162 inreverentiam
1000 1088 1165 1187 gravibus
1192 1087 1336 1161 decretis

356 1212 385 1249 “
403 1208 609 1280 notavissent
625 1209 662 1279 :''
687 1208 801 1280 donec
830 1206 964 1281 Drusus
992 1226 1074 1303 apta
1100 1204 1336 1302 temperandis

355 1324 482 1399 animis
494 1325 668 1411 disseruit3
696 1330 729 1398 a
746 1324 956 1400 satisfactum
973 1324 1167 1401 Corbuloni
1180 1350 1241 1422 per
1253 1328 1336 1399 Ma·

356 1469 528 1535 mercum,
555 1445 617 1543 qui
642 1463 783 1541 patruus
807 1447 969 1519 simulac
994 1444 1134 1519 vitricus
1156 1446 1274 1535 Sullae,
1302 1448 1336 1518 ὃς

353 1582 530 1637 oratorum
547 1567 587 1636 eb
604 1584 703 1636 aetate
715 1564 912 1637 uberrimus
923 1584 1007 1637 erat.
1051 1565 1152 1637 Idem
1166 1563 1335 1653 Corbulo,

357 1690 385 1724 “
404 1682 552 1779 plurima
568 1708 629 1780 per
646 1683 780 1756 ltaliam
798 1683 930 1773 itinera,
956 1683 1075 1756 fraude
1088 1682 1290 1779 mancipum
1301 1686 1336 1755 δι

357 1807 385 1842 “
403 1800 537 1873 incurii
570 1802 833 1899 magistratuum
865 1802 1054 1899 interrupta
1082 1806 1116 1875 dc
1145 1802 1336 1899 impervia''

357 1918 587 2009 clamitando,
614 1920 868 1995 exsecutionem
893 1921 963 2021 ejus
988 1920 1119 2020 negotii
1142 1919 1252 1993 libens
1270 1918 1337 1993 sus·

357 2038 474 2136 cepit:
502 2040 600 2136 quod
618 2041 713 2114 haud
735 2040 879 2137 perinde
903 2040 1042 2138 publice
1065 2036 1139 2112 usui
1161 2038 1335 2131 habitum,

357 2160 466 2254 quam
483 2157 668 2231 exitiosum
687 2159 819 2248 multis,
847 2186 996 2257 quorum
1017 2158 1055 2231 in
1080 2157 1266 2255 pecuniam
1285 2177 1338 2231 at-

358 2300 428 2374 que
445 2277 577 2349 samam
593 2278 875 2351 damnationibus
893 2284 926 2351 δι
944 2278 1038 2352 hasta
1053 2276 1227 2351 saeviebat.

407 2397 563 2469 XXXII.
586 2399 734 2482 Naoura
758 2395 870 2469 multd
895 2396 970 2493 post
992 2397 1096 2471 missis
1117 2398 1160 2469 ad
1182 2396 1337 2471 senatum

338 2526 341 2529 ’
359 2513 461 2588 literis
478 2515 653 2605 Tiberius,
682 2523 709 2558 “
728 2535 861 2589 motam
879 2514 1011 2589 rursum
1029 2515 1187 2590 Africam
1203 2516 1338 2591 incursu

361 2639 389 2678 “
407 2636 443 2707 T
444 2634 661 2709 acfarinatis”
678 2635 797 2709 docuit
812 2664 823 2723 ;
852 2634 1091 2734 “judicioque
1104 2656 1241 2733 patrum
1254 2635 1341 2709 deli-

361 2763 389 2799 “
407 2756 564 2853 gendum
581 2752 838 2851 proconsulem,
863 2782 1011 2854 gnarum
1028 2754 1173 2845 militiae,
1197 2781 1340 2852 corpore

359 2882 388 2917 “
407 2875 577 2963 validum,
605 2876 757 2946 &bello
784 2874 1054 2948 suffectum?
1081 2874 1177 2971 quod
1202 2874 1340 2947 initium

357 2996 438 3066 Ser.
471 2993 662 3090 Pompeius
693 2993 848 3091 agitandi
882 2995 1044 3068 adversus
1073 2995 1131 3065 M.
1159 2992 1339 3090 Lepidum

358 3113 431 3185 odii
457 3116 591 3201 nactus,
620 3119 647 3154 “
665 3132 705 3185 ut
731 3110 922 3203 secordem,
949 3113 1107 3209 inopem,
1135 3116 1167 3184 δε
1199 3110 1339 3209 majori-

360 3240 389 3274 “
407 3235 472 3306 bus
484 3230 550 3303 suis
562 3230 791 3319 dedecorum,
818 3222 932 3328 edqbe
948 3232 1054 3303 etiam
1070 3234 1161 3305 Afiae
1180 3227 1266 3303 sorte
1278 3231 1339 3302 de-

360 3358 389 3393 “
407 3350 651 3447 pellendum,'’
692 3347 881 3434 incusavit;
931 3348 1072 3422 adverso
1105 3348 1235 3439 senatu,
1277 3349 1340 3448 qui

361 3466 587 3564 “Lepidum
606 3466 728 3538 mitem
750 3466 863 3564 magis
887 3467 996 3563 quarn
1020 3467 1204 3564 ignavum,
1230 3488 1340 3565 pater-

361 3594 388 3630 “
408 3612 469 3658 nas
485 3585 517 3657 ei
529 3584 715 3683 angustias,
742 3589 777 3657 ὃς
800 3585 1018 3658 nobilitatem
1042 3590 1109 3659 fine
1132 3592 1263 3684 probro
1283 3614 1339 3661 ac·

362 3714 390 3750 “
408 3725 495 3794 tam,
521 3704 645 3777 honori
669 3706 778 3801 quim
803 3703 1006 3803 ignominia
1033 3706 1255 3780 lrabendam’'
1275 3708 1340 3779 du·

360 3828 473 3899 cebat.
523 3822 635 3921 igitur
652 3823 770 3896 missus
783 3823 820 3895 in
834 3827 963 3898 Asiam.
1015 3826 1063 3897 Et
1078 3825 1123 3897 de
1142 3824 1263 3899 Africa
1279 3829 1340 3899 de-

361 3965 497 4021 cretum
524 3952 552 3987 “
565 3962 605 4017 ut
620 3942 733 4019 Caesar
750 3944 895 4042 legeret,
922 3942 978 4019 cui
995 3944 1159 4019 mandata
1174 3944 1303 4019 soret.’'
