3259 5284
488 579 796 667 Annnrrunt
828 589 938 666 Lrn.
964 591 992 666 Ι.
1205 615 1249 694 59

330 767 449 842 LXX.
475 774 535 842 Ar
548 773 818 842 Germanicus
852 768 1044 864 legionum,
1075 793 1158 864 quas
1190 793 1250 840 na-

280 888 382 960 vibus
399 909 549 977 vexerat,
578 886 762 961 secundam
780 892 814 960 δι
833 889 1161 984 quartamdecimam
1195 887 1250 960 iti-

283 1028 364 1080 nere
380 1007 522 1080 terrestri
546 1010 586 1079 P.
610 1007 749 1080 Vitellio
773 1006 947 1112 ducendas
972 1007 1087 1095 tradit,
1113 1006 1185 1102 quo
1202 1009 1250 1079 le-

282 1125 359 1198 vior
375 1127 479 1197 classis
492 1124 619 1198 vadoso
636 1125 721 1198 mari
738 1125 884 1215 innaret,
902 1126 957 1198 vel
975 1125 1148 1222 reciproco
1166 1129 1249 1199 side-

280 1263 343 1316 ret.
391 1243 549 1316 Vitellius
576 1245 726 1341 primum
747 1246 812 1317 iter
838 1247 921 1318 ficta
941 1247 1063 1334 humo,
1093 1266 1150 1316 aut
1172 1270 1249 1316 mo-

282 1362 358 1435 dice
380 1364 561 1435 adlabente
587 1363 685 1454 aestu,
710 1365 866 1460 quietum
890 1363 1020 1436 habuit.
1070 1365 1163 1434 Mox
1184 1363 1249 1434 im-

282 1480 380 1578 pulsu
396 1482 578 1579 aquilonis,
602 1484 700 1554 simul
717 1484 823 1554 fidere
841 1482 1049 1578 aequinoslii,
1069 1507 1139 1577 quo
1151 1508 1249 1554 max·

281 1599 350 1672 ime
383 1597 538 1674 tumescit
566 1603 739 1691 Oceanus,
771 1602 843 1696 rapi
875 1601 1000 1698 agique
1030 1626 1179 1695 agmen:
1216 1605 1250 1673 ὃς

283 1721 512 1815 opplebantur
536 1739 659 1792 terrae:
701 1721 823 1792 eadem
852 1719 953 1809 freto,
983 1718 1086 1807 litori,
1120 1719 1249 1815 campis

282 1837 407 1910 facies:
436 1864 548 1935 neque
571 1837 714 1910 discerni
734 1859 890 1933 poterant
907 1838 1033 1910 incerta
1055 1839 1100 1910 ab
1121 1837 1248 1928 solidis,

283 1956 402 2029 brevia
427 1982 449 2028 a
471 1955 661 2052 profundis.
710 1958 914 2029 Sternuntur
936 1955 1111 2046 imbribus,
1137 1957 1249 2028 hauri-

282 2095 389 2148 untur
432 2075 651 2172 gurgitibus:
691 2072 863 2170 jumenta,
913 2073 1061 2166 sarcinae,
1103 2099 1251 2171 corpora

282 2193 457 2282 exanima,
482 2193 694 2282 interfluunt,
712 2192 909 2267 occursant:
937 2193 1180 2290 permiscentur
1197 2193 1250 2266 in-

280 2333 333 2385 ter
348 2313 381 2385 se
408 2311 587 2409 manipuli,
621 2311 729 2384 modb
755 2314 907 2409 pectore,
932 2312 1038 2384 modb
1062 2338 1122 2386 ore
1149 2333 1249 2388 tenus

282 2431 464 2522 cnstanter,
502 2429 689 2528 aliquando
716 2429 886 2504 subnaeto
918 2428 990 2504 solo
1021 2429 1151 2528 disjesli
1190 2455 1250 2507 aut

282 2551 422 2625 obruti:
463 2577 534 2623 non
569 2577 655 2640 vox,
689 2554 723 2622 δι
755 2550 865 2622 mutui
893 2551 1042 2622 hortatus
1064 2547 1249 2644 juvabant,

283 2669 480 2742 adversante
502 2671 616 2742 unda:
654 2668 739 2739 nihil
766 2669 920 2742 strenuus
956 2669 1001 2740 ab
1035 2668 1175 2765 ignam,
1200 2670 1249 2744 sa·

283 2789 379 2886 piens
414 2791 459 2860 ab
502 2787 726 2884 imprudenti,
759 2781 896 2858 confilia
927 2812 947 2858 a
979 2785 1057 2858 casu
1084 2790 1247 2863 differre:

282 2910 407 2979 cunda
442 2906 514 3003 pari
552 2905 714 2977 violentia
754 2905 1027 2977 involvebantur.
1087 2908 1249 2981 Tandem

283 3025 439 3097 Vitellius
467 3025 502 3097 in
534 3024 677 3096 editiora
707 3022 830 3113 enisus,
860 3024 984 3095 ebdem
1012 3049 1140 3122 agmen
1171 3025 1249 3100 sub-

281 3143 406 3216 duxit:
449 3144 693 3240 pernoctavere
725 3147 792 3215 fine
817 3142 1026 3233 utensilibus,
1063 3145 1130 3214 sine
1161 3144 1248 3241 igni,

282 3287 411 3360 magna
429 3287 504 3358 pars
521 3263 616 3333 nudo
644 3281 702 3333 aut
725 3261 876 3340 mulcato
898 3285 1050 3355 corpore,
1073 3261 1166 3335 haud
1183 3265 1249 3336 mi·

281 3381 346 3452 nus
372 3378 589 3469 miserabiles,
618 3381 723 3477 quam
761 3405 850 3475 quos
879 3379 979 3451 bostis
1008 3379 1247 3456 circumsidet:

281 3498 412 3594 quippe
438 3497 504 3570 illis
532 3497 634 3570 etiarn
661 3499 809 3570 honestae
843 3496 961 3569 mortis
989 3497 1079 3588 usus,
1112 3498 1165 3572 his
1196 3501 1248 3574 in-

282 3615 431 3711 glorium
448 3615 615 3688 exitium:
642 3618 703 3688 lux
735 3615 885 3688 reddidit
918 3635 1068 3702 terram:
1094 3639 1248 3713 penetra-

280 3752 427 3830 tumque
460 3736 504 3806 ad
529 3759 670 3807 amnem
694 3735 891 3831 Unsrngin„
922 3733 992 3831 qub
1016 3733 1126 3808 Caesar
1148 3740 1250 3813 classe

190 3940 198 3952 .
281 3852 528 3926 contenderat:
564 3853 728 3951 impofitae
752 3853 879 3928 deinde
902 3854 1069 3952 legiones,
1099 3877 1249 3954 vagatur:
