3259 5284
551 625 856 695 Annnsrunr
897 620 1082 694 Lrn.ll.
1260 624 1311 719 87

332 795 470 867 noctem
493 818 616 867 cmore
639 794 787 867 hostium
811 792 935 867 satiatae
959 792 1052 867 sunt:
1079 793 1210 892 equites
1233 820 1307 867 am·

333 912 440 1011 bigne
453 916 639 987 certavere.

381 1034 501 1105 XXII.
518 1034 732 1106 Lnunnrrs
747 1058 810 1129 pro
828 1032 997 1105 concione
1013 1031 1217 1121 victoribus,
1229 1033 1306 1105 Ca:-

332 1148 384 1224 sar
407 1152 608 1247 congeriem
629 1178 807 1225 armorum
831 1151 967 1242 struxit,
990 1150 1139 1249 superbo
1161 1178 1242 1225 curn
1264 1153 1306 1224 ti-

333 1273 431 1344 tulo:
466 1295 714 1344 nsenstnrrs
742 1261 867 1343 rnrnn
897 1296 1065 1343 nuruum
1089 1294 1305 1358 nantuacus

333 1414 580 1463 nnrronrnus
606 1414 843 1463 axnncrrunr
868 1416 1024 1463 rrnunrr
1052 1413 1224 1463 cAEsnnrs
1253 1414 1305 1462 nn

333 1534 583 1583 Monrnrsnrn
607 1533 739 1581 Mnnrr
769 1534 818 1581 er
843 1535 929 1602 Jovr
963 1534 1010 1583 nr
1035 1534 1215 1581 nucusro
1243 1534 1306 1581 sn-

334 1654 548 1703 cnnvrssn:
579 1629 624 1701 de
639 1627 672 1700 se
689 1626 775 1700 nihil
792 1628 939 1719 addidit,
965 1648 1062 1702 metu
1079 1627 1234 1717 invidiae,
1263 1652 1307 1699 an

333 1768 424 1821 ratus
446 1746 690 1822 conscientiam
713 1744 811 1820 factis
832 1744 908 1819 satis
930 1750 1007 1821 effe.
1056 1751 1152 1821 Mox
1173 1748 1307 1821 bellum

334 1867 372 1939 in
402 1866 631 1965 Angrivarios
657 1866 820 1939 Stertinio
846 1868 1000 1957 mandat,
1031 1867 1066 1939 ni
1094 1867 1308 1941 deditionem

334 1985 630 2083 properaviffent:
661 2005 766 2082 atque
791 1984 841 2057 illi
870 1984 1053 2083 supplices,
1083 1988 1168 2060 nihil
1196 1991 1307 2063 abnu·
1364 1970 1370 1979 ⁸

332 2106 439 2195 endo,
457 2104 595 2177 veniam
611 2103 772 2176 omnium
788 2106 966 2201 accepere.

380 2226 515 2297 XXIII.
539 2224 615 2295 San
630 2247 790 2297 AEsrnrn
800 2222 876 2321 jam
893 2226 1023 2315 adulta,
1037 2225 1215 2325 legionum
1232 2228 1306 2304 aliae

334 2343 457 2418 itinere
488 2342 637 2417 terrestri
668 2342 706 2415 in
739 2342 963 2417 hibernacula
990 2345 1157 2419 remissae:
1194 2350 1307 2444 plures

334 2461 448 2536 Caesar
463 2464 553 2537 claffi
570 2462 746 2559 impofitas
759 2488 820 2559 per
832 2467 965 2537 flumen
982 2465 1150 2539 Amifiam
1166 2468 1308 2541 Oceano

314 2560 480 2655 invexit.
512 2588 569 2656 Ac
585 2581 701 2679 primd
719 2580 896 2678 placidum
913 2604 1034 2679 aequor
1050 2583 1145 2657 mille
1161 2588 1308 2661 navium

335 2701 439 2774 remis
463 2700 628 2797 strepere,
651 2720 711 2773 aut
737 2700 824 2773 velis
847 2700 1004 2797 impelli:
1033 2728 1118 2775 mox
1146 2724 1220 2777 atro
1242 2732 1306 2779 nu-

334 2821 434 2894 bium
459 2822 568 2917 globo
590 2817 694 2893 effusa
719 2822 877 2917 grando:
907 2821 1007 2891 srmul
1029 2821 1130 2894 variis
1151 2824 1309 2921 undique

336 2940 509 3036 procellis,
533 2938 653 3011 incerti
676 2942 799 3012 fluctus
823 2936 1040 3035 prospectum
1060 2940 1226 3033 adimere,
1254 2971 1307 3017 re-

335 3058 454 3156 gimen
481 3058 676 3154 impedire:
718 3056 883 3153 milesque
912 3056 1072 3152 pavidus,
1103 3062 1136 3131 δι
1166 3061 1307 3138 casuum

336 3178 440 3251 maris
467 3176 619 3275 ignarus,
659 3177 747 3249 dum
772 3178 889 3250 turbat
915 3196 1047 3267 nautas,
1072 3179 1149 3251 =vel
1182 3180 1307 3256 intem-

337 3295 468 3395 pestivi:
487 3294 602 3393 juvat,
636 3296 749 3369 officia
781 3296 1004 3393 prudentium
1038 3304 1305 3397 corrumpebat:

336 3441 443 3489 omne
465 3414 591 3487 dehinc
614 3416 753 3503 calum,
788 3420 822 3488 bc
847 3442 943 3489 mare
966 3442 1072 3491 omne
1095 3418 1131 3491 in
1155 3423 1309 3497 austrum

336 3538 441 3624 ceffit,
460 3534 521 3631 qui
537 3534 679 3607 tumidis
695 3534 893 3607 Germania·
909 3536 1019 3635 terris,
1038 3537 1218 3634 profundis
1234 3568 1308 3617 arn-

337 3652 452 3741 nibus,
478 3652 646 3727 immenso
667 3653 815 3727 nubium
832 3656 942 3735 tractu
958 3656 1107 3749 validus,
1135 3662 1169 3731 δι
1194 3661 1307 3760 rigore

336 3771 442 3845 vicini
474 3770 723 3877 septemtrionis
752 3773 934 3863 horridior,
967 3775 1079 3872 rapuit
1106 3776 1308 3878 disjecitque

336 3915 441 3967 naves
457 3890 494 3962 in
509 3911 626 3987 aperta
640 3890 786 3982 Oceani,
811 3912 871 3965 aut
892 3891 1014 3967 insulas
1035 3894 1122 3970 saxis
1138 3901 1305 3997 abruptis,

336 4011 394 4115 tel
417 4034 480 4107 per
503 4011 643 4085 occulta
665 4012 756 4083 vada
779 4011 924 4087 infestas.
984 4016 1125 4114 Qribus
1149 4021 1304 4115 paullum

713 4133 747 4204 G
771 4158 798 4225 4
