<?xml version="1.0" encoding="UTF-8"?>
<!DOCTYPE html PUBLIC "-//W3C//DTD XHTML 1.0 Transitional//EN"
    "http://www.w3.org/TR/xhtml1/DTD/xhtml1-transitional.dtd">
<html xmlns="http://www.w3.org/1999/xhtml" xml:lang="en" lang="en">
 <head>
  <title>
</title>
<meta http-equiv="Content-Type" content="text/html;charset=utf-8" />
  <meta name='ocr-system' content='tesseract 3.04.00' />
  <meta name='ocr-capabilities' content='ocr_page ocr_carea ocr_par ocr_line ocrx_word'/>
</head>
<body>
  <div class='ocr_page' id='page_1' title='image "./ccorneliitaciti04freigoog_0180.png"; bbox 0 0 3259 5284; ppageno 0'>
   <div class='ocr_carea' id='block_1_1' title="bbox 364 553 1163 634">
    <p class='ocr_par' dir='ltr' id='par_1_1' title="bbox 364 553 1163 634">
     <span class='ocr_line' id='line_1_1' title="bbox 364 553 1163 634; baseline 0.008 -9"><span class='ocrx_word' id='word_1_1' title='bbox 364 577 429 626; x_wconf 81' lang='lat'>122</span> <span class='ocrx_word' id='word_1_2' title='bbox 574 553 1163 634; x_wconf 74' lang='lat' dir='ltr'>C.Conntrr11Tnctr1</span> 
     </span>
    </p>
   </div>
   <div class='ocr_carea' id='block_1_2' title="bbox 353 722 1343 4032">
    <p class='ocr_par' dir='ltr' id='par_1_2' title="bbox 353 722 1324 916">
     <span class='ocr_line' id='line_1_2' title="bbox 353 722 1324 823; baseline 0.006 -27"><span class='ocrx_word' id='word_1_3' title='bbox 353 745 457 822; x_wconf 86' lang='lat' dir='ltr'>atque</span> <span class='ocrx_word' id='word_1_4' title='bbox 486 723 554 798; x_wconf 93' lang='lat' dir='ltr'>illic</span> <span class='ocrx_word' id='word_1_5' title='bbox 580 722 703 823; x_wconf 88' lang='lat' dir='ltr'>fugam</span> <span class='ocrx_word' id='word_1_6' title='bbox 735 745 884 816; x_wconf 85' lang='lat' dir='ltr'>tentans,</span> <span class='ocrx_word' id='word_1_7' title='bbox 914 752 961 800; x_wconf 90' lang='lat' dir='ltr'>an</span> <span class='ocrx_word' id='word_1_8' title='bbox 984 729 1066 802; x_wconf 73' lang='lat' dir='ltr'>sisto</span> <span class='ocrx_word' id='word_1_9' title='bbox 1090 727 1246 821; x_wconf 90' lang='lat' dir='ltr'>crimine,</span> <span class='ocrx_word' id='word_1_10' title='bbox 1271 727 1324 802; x_wconf 86' lang='lat' dir='ltr'>in-</span> 
     </span>
     <span class='ocr_line' id='line_1_3' title="bbox 356 844 532 916; baseline -0.011 0"><span class='ocrx_word' id='word_1_11' title='bbox 356 844 532 916; x_wconf 83' lang='lat' dir='ltr'>terficitur.</span> 
     </span>
    </p>

    <p class='ocr_par' dir='ltr' id='par_1_3' title="bbox 353 964 1327 2580">
     <span class='ocr_line' id='line_1_4' title="bbox 402 964 1325 1064; baseline 0.004 -28"><span class='ocrx_word' id='word_1_12' title='bbox 402 964 570 1036; x_wconf 88' lang='lat' dir='ltr'>LXVIII.</span> <span class='ocrx_word' id='word_1_13' title='bbox 614 965 694 1036; x_wconf 75' lang='lat' dir='ltr'>Part</span> <span class='ocrx_word' id='word_1_14' title='bbox 726 964 819 1037; x_wconf 91' lang='lat' dir='ltr'>idem</span> <span class='ocrx_word' id='word_1_15' title='bbox 851 985 988 1062; x_wconf 90' lang='lat' dir='ltr'>tempus</span> <span class='ocrx_word' id='word_1_16' title='bbox 1019 969 1195 1056; x_wconf 88' lang='lat' dir='ltr'>Vonones,</span> <span class='ocrx_word' id='word_1_17' title='bbox 1218 992 1325 1064; x_wconf 91' lang='lat' dir='ltr'>quem</span> 
     </span>
     <span class='ocr_line' id='line_1_5' title="bbox 355 1081 1324 1181; baseline 0.004 -27"><span class='ocrx_word' id='word_1_18' title='bbox 355 1102 513 1154; x_wconf 90' lang='lat' dir='ltr'>amotum</span> <span class='ocrx_word' id='word_1_19' title='bbox 540 1081 577 1154; x_wconf 92' lang='lat' dir='ltr'>in</span> <span class='ocrx_word' id='word_1_20' title='bbox 604 1083 761 1156; x_wconf 78' lang='lat' dir='ltr'>Ciliciam</span> <span class='ocrx_word' id='word_1_21' title='bbox 783 1083 990 1175; x_wconf 84' lang='lat' dir='ltr'>memoravi,</span> <span class='ocrx_word' id='word_1_22' title='bbox 1018 1085 1187 1181; x_wconf 87' lang='lat' dir='ltr'>corruptis</span> <span class='ocrx_word' id='word_1_23' title='bbox 1211 1086 1324 1158; x_wconf 90' lang='lat' dir='ltr'>custo-</span> 
     </span>
     <span class='ocr_line' id='line_1_6' title="bbox 353 1201 1324 1296; baseline 0.005 -22"><span class='ocrx_word' id='word_1_24' title='bbox 353 1201 455 1274; x_wconf 89' lang='lat' dir='ltr'>dibus</span> <span class='ocrx_word' id='word_1_25' title='bbox 482 1201 636 1296; x_wconf 86' lang='lat' dir='ltr'>effugere</span> <span class='ocrx_word' id='word_1_26' title='bbox 663 1202 707 1274; x_wconf 88' lang='lat' dir='ltr'>ad</span> <span class='ocrx_word' id='word_1_27' title='bbox 736 1203 935 1295; x_wconf 90' lang='lat' dir='ltr'>Armenios,</span> <span class='ocrx_word' id='word_1_28' title='bbox 976 1203 1056 1276; x_wconf 92' lang='lat' dir='ltr'>inde</span> <span class='ocrx_word' id='word_1_29' title='bbox 1091 1203 1126 1274; x_wconf 92' lang='lat' dir='ltr'>in</span> <span class='ocrx_word' id='word_1_30' title='bbox 1165 1205 1324 1280; x_wconf 81' lang='lat' dir='ltr'>Albanos</span> 
     </span>
     <span class='ocr_line' id='line_1_7' title="bbox 355 1317 1323 1420; baseline 0.002 -26"><span class='ocrx_word' id='word_1_31' title='bbox 355 1317 643 1414; x_wconf 85' lang='lat' dir='ltr'>Heniochosque,</span> <span class='ocrx_word' id='word_1_32' title='bbox 668 1323 702 1391; x_wconf 74' lang='grc' dir='ltr'>δι</span> <span class='ocrx_word' id='word_1_33' title='bbox 719 1321 1013 1420; x_wconf 86' lang='lat' dir='ltr'>consanguineum</span> <span class='ocrx_word' id='word_1_34' title='bbox 1031 1321 1090 1394; x_wconf 81' lang='lat' dir='ltr'>sibi</span> <span class='ocrx_word' id='word_1_35' title='bbox 1107 1347 1224 1419; x_wconf 89' lang='lat' dir='ltr'>regern</span> <span class='ocrx_word' id='word_1_36' title='bbox 1240 1325 1323 1418; x_wconf 81' lang='lat' dir='ltr'>Scy-</span> 
     </span>
     <span class='ocr_line' id='line_1_8' title="bbox 356 1438 1322 1538; baseline 0.003 -27"><span class='ocrx_word' id='word_1_37' title='bbox 356 1441 496 1511; x_wconf 88' lang='lat' dir='ltr'>tharum</span> <span class='ocrx_word' id='word_1_38' title='bbox 512 1439 741 1512; x_wconf 88' lang='lat' dir='ltr'>conatusest:</span> <span class='ocrx_word' id='word_1_39' title='bbox 770 1438 880 1538; x_wconf 91' lang='lat' dir='ltr'>specie</span> <span class='ocrx_word' id='word_1_40' title='bbox 908 1439 1071 1530; x_wconf 89' lang='lat' dir='ltr'>venandi,</span> <span class='ocrx_word' id='word_1_41' title='bbox 1095 1441 1221 1514; x_wconf 76' lang='lat' dir='ltr'>omissis</span> <span class='ocrx_word' id='word_1_42' title='bbox 1250 1467 1322 1514; x_wconf 86' lang='lat' dir='ltr'>rna-</span> 
     </span>
     <span class='ocr_line' id='line_1_9' title="bbox 356 1555 1324 1657; baseline 0.003 -26"><span class='ocrx_word' id='word_1_43' title='bbox 356 1555 479 1631; x_wconf 87' lang='lat' dir='ltr'>ritimis</span> <span class='ocrx_word' id='word_1_44' title='bbox 496 1557 593 1646; x_wconf 89' lang='lat' dir='ltr'>Iocis,</span> <span class='ocrx_word' id='word_1_45' title='bbox 611 1559 687 1630; x_wconf 82' lang='lat' dir='ltr'>avia</span> <span class='ocrx_word' id='word_1_46' title='bbox 702 1557 850 1632; x_wconf 88' lang='lat' dir='ltr'>saltuum</span> <span class='ocrx_word' id='word_1_47' title='bbox 867 1559 990 1656; x_wconf 91' lang='lat' dir='ltr'>petiit:</span> <span class='ocrx_word' id='word_1_48' title='bbox 1012 1585 1097 1632; x_wconf 85' lang='lat' dir='ltr'>mox</span> <span class='ocrx_word' id='word_1_49' title='bbox 1126 1559 1324 1657; x_wconf 84' lang='lat' dir='ltr'>pernicitate</span> 
     </span>
     <span class='ocr_line' id='line_1_10' title="bbox 357 1676 1326 1777; baseline -0.002 -23"><span class='ocrx_word' id='word_1_50' title='bbox 357 1676 439 1773; x_wconf 83' lang='lat' dir='ltr'>equi</span> <span class='ocrx_word' id='word_1_51' title='bbox 455 1678 501 1748; x_wconf 85' lang='lat' dir='ltr'>ad</span> <span class='ocrx_word' id='word_1_52' title='bbox 516 1702 656 1749; x_wconf 89' lang='lat' dir='ltr'>amnem</span> <span class='ocrx_word' id='word_1_53' title='bbox 672 1680 861 1774; x_wconf 88' lang='lat' dir='ltr'>Pyramum</span> <span class='ocrx_word' id='word_1_54' title='bbox 874 1680 1064 1770; x_wconf 86' lang='lat' dir='ltr'>contendit,</span> <span class='ocrx_word' id='word_1_55' title='bbox 1094 1678 1189 1777; x_wconf 87' lang='lat' dir='ltr'>cujus</span> <span class='ocrx_word' id='word_1_56' title='bbox 1203 1699 1326 1775; x_wconf 82' lang='lat' dir='ltr'>pontes</span> 
     </span>
     <span class='ocr_line' id='line_1_11' title="bbox 357 1797 1326 1896; baseline -0.001 -26"><span class='ocrx_word' id='word_1_57' title='bbox 357 1797 486 1870; x_wconf 81' lang='lat' dir='ltr'>accolae</span> <span class='ocrx_word' id='word_1_58' title='bbox 502 1814 679 1893; x_wconf 82' lang='lat' dir='ltr'>ruperant,</span> <span class='ocrx_word' id='word_1_59' title='bbox 708 1797 823 1870; x_wconf 73' lang='lat' dir='ltr'>auditd</span> <span class='ocrx_word' id='word_1_60' title='bbox 846 1799 937 1895; x_wconf 91' lang='lat' dir='ltr'>regis</span> <span class='ocrx_word' id='word_1_61' title='bbox 964 1797 1072 1896; x_wconf 57' lang='lat' dir='ltr'>suga:</span> <span class='ocrx_word' id='word_1_62' title='bbox 1098 1821 1212 1895; x_wconf 88' lang='lat' dir='ltr'>neque</span> <span class='ocrx_word' id='word_1_63' title='bbox 1234 1799 1326 1870; x_wconf 87' lang='lat' dir='ltr'>vado</span> 
     </span>
     <span class='ocr_line' id='line_1_12' title="bbox 358 1913 1325 2014; baseline 0.001 -26"><span class='ocrx_word' id='word_1_64' title='bbox 358 1913 522 2012; x_wconf 84' lang='lat' dir='ltr'>penetrati</span> <span class='ocrx_word' id='word_1_65' title='bbox 535 1935 678 2011; x_wconf 87' lang='lat' dir='ltr'>poterat.</span> <span class='ocrx_word' id='word_1_66' title='bbox 704 1916 815 2013; x_wconf 85' lang='lat' dir='ltr'>Igitur</span> <span class='ocrx_word' id='word_1_67' title='bbox 830 1917 866 1989; x_wconf 93' lang='lat' dir='ltr'>in</span> <span class='ocrx_word' id='word_1_68' title='bbox 890 1917 963 2014; x_wconf 75' lang='lat' dir='ltr'>ripd</span> <span class='ocrx_word' id='word_1_69' title='bbox 986 1917 1152 2005; x_wconf 90' lang='lat' dir='ltr'>ssuminis,</span> <span class='ocrx_word' id='word_1_70' title='bbox 1178 1943 1198 1989; x_wconf 88' lang='lat' dir='ltr'>a</span> <span class='ocrx_word' id='word_1_71' title='bbox 1218 1915 1325 1989; x_wconf 91' lang='lat' dir='ltr'>Vibio</span> 
     </span>
     <span class='ocr_line' id='line_1_13' title="bbox 356 2033 1326 2132; baseline -0.002 -22"><span class='ocrx_word' id='word_1_72' title='bbox 356 2037 534 2110; x_wconf 88' lang='lat' dir='ltr'>Frontone</span> <span class='ocrx_word' id='word_1_73' title='bbox 550 2033 714 2130; x_wconf 73' lang='lat' dir='ltr'>praeseslo</span> <span class='ocrx_word' id='word_1_74' title='bbox 731 2035 888 2132; x_wconf 91' lang='lat' dir='ltr'>equitum</span> <span class='ocrx_word' id='word_1_75' title='bbox 902 2035 1078 2108; x_wconf 81' lang='lat' dir='ltr'>vincitur:</span> <span class='ocrx_word' id='word_1_76' title='bbox 1105 2061 1190 2109; x_wconf 88' lang='lat' dir='ltr'>mox</span> <span class='ocrx_word' id='word_1_77' title='bbox 1216 2041 1326 2110; x_wconf 88' lang='lat' dir='ltr'>Rem-</span> 
     </span>
     <span class='ocr_line' id='line_1_14' title="bbox 359 2152 1324 2252; baseline -0.003 -22"><span class='ocrx_word' id='word_1_78' title='bbox 359 2152 465 2243; x_wconf 86' lang='lat' dir='ltr'>mius,</span> <span class='ocrx_word' id='word_1_79' title='bbox 493 2171 671 2241; x_wconf 88' lang='lat' dir='ltr'>evocatus,</span> <span class='ocrx_word' id='word_1_80' title='bbox 705 2153 809 2249; x_wconf 94' lang='lat' dir='ltr'>priori</span> <span class='ocrx_word' id='word_1_81' title='bbox 832 2154 995 2228; x_wconf 87' lang='lat' dir='ltr'>custodiae</span> <span class='ocrx_word' id='word_1_82' title='bbox 1020 2154 1109 2252; x_wconf 86' lang='lat' dir='ltr'>regis</span> <span class='ocrx_word' id='word_1_83' title='bbox 1137 2155 1324 2251; x_wconf 81' lang='lat' dir='ltr'>adpositus,</span> 
     </span>
     <span class='ocr_line' id='line_1_15' title="bbox 357 2270 1327 2370; baseline 0.002 -27"><span class='ocrx_word' id='word_1_84' title='bbox 357 2274 452 2368; x_wconf 87' lang='lat' dir='ltr'>quafi</span> <span class='ocrx_word' id='word_1_85' title='bbox 477 2296 538 2365; x_wconf 89' lang='lat' dir='ltr'>per</span> <span class='ocrx_word' id='word_1_86' title='bbox 562 2270 649 2343; x_wconf 86' lang='lat' dir='ltr'>iram</span> <span class='ocrx_word' id='word_1_87' title='bbox 667 2271 784 2367; x_wconf 89' lang='lat' dir='ltr'>gladio</span> <span class='ocrx_word' id='word_1_88' title='bbox 801 2297 883 2344; x_wconf 90' lang='lat' dir='ltr'>eum</span> <span class='ocrx_word' id='word_1_89' title='bbox 899 2273 1077 2370; x_wconf 78' lang='lat' dir='ltr'>transigit:</span> <span class='ocrx_word' id='word_1_90' title='bbox 1102 2273 1193 2345; x_wconf 88' lang='lat' dir='ltr'>unde</span> <span class='ocrx_word' id='word_1_91' title='bbox 1217 2272 1327 2370; x_wconf 87' lang='lat' dir='ltr'>major</span> 
     </span>
     <span class='ocr_line' id='line_1_16' title="bbox 359 2387 1327 2481; baseline 0.007 -20"><span class='ocrx_word' id='word_1_92' title='bbox 359 2389 462 2476; x_wconf 87' lang='lat' dir='ltr'>fides,</span> <span class='ocrx_word' id='word_1_93' title='bbox 480 2387 689 2463; x_wconf 77' lang='lat' dir='ltr'>conscientia</span> <span class='ocrx_word' id='word_1_94' title='bbox 704 2387 851 2480; x_wconf 89' lang='lat' dir='ltr'>sceleris,</span> <span class='ocrx_word' id='word_1_95' title='bbox 870 2397 903 2465; x_wconf 74' lang='lat' dir='ltr'>dc</span> <span class='ocrx_word' id='word_1_96' title='bbox 921 2411 1018 2465; x_wconf 89' lang='lat' dir='ltr'>metu</span> <span class='ocrx_word' id='word_1_97' title='bbox 1034 2389 1166 2481; x_wconf 90' lang='lat' dir='ltr'>indicii,</span> <span class='ocrx_word' id='word_1_98' title='bbox 1178 2412 1327 2468; x_wconf 89' lang='lat' dir='ltr'>mortem</span> 
     </span>
     <span class='ocr_line' id='line_1_17' title="bbox 360 2507 673 2580; baseline 0.006 -2"><span class='ocrx_word' id='word_1_99' title='bbox 360 2507 498 2580; x_wconf 91' lang='lat' dir='ltr'>Vononi</span> <span class='ocrx_word' id='word_1_100' title='bbox 520 2507 673 2580; x_wconf 85' lang='lat' dir='ltr'>inlatam.</span> 
     </span>
    </p>

    <p class='ocr_par' dir='ltr' id='par_1_4' title="bbox 358 2629 1343 4032">
     <span class='ocr_line' id='line_1_18' title="bbox 406 2629 1324 2728; baseline 0.001 -27"><span class='ocrx_word' id='word_1_101' title='bbox 406 2629 544 2701; x_wconf 89' lang='lat' dir='ltr'>LXIX.</span> <span class='ocrx_word' id='word_1_102' title='bbox 575 2631 635 2700; x_wconf 83' lang='lat' dir='ltr'>Ar</span> <span class='ocrx_word' id='word_1_103' title='bbox 664 2630 935 2702; x_wconf 80' lang='lat' dir='ltr'>Ganmnurcus</span> <span class='ocrx_word' id='word_1_104' title='bbox 960 2630 1120 2728; x_wconf 89' lang='lat' dir='ltr'>AEgypto</span> <span class='ocrx_word' id='word_1_105' title='bbox 1153 2654 1324 2719; x_wconf 89' lang='lat' dir='ltr'>remeans,</span> 
     </span>
     <span class='ocr_line' id='line_1_19' title="bbox 358 2747 1325 2846; baseline 0.001 -25"><span class='ocrx_word' id='word_1_106' title='bbox 358 2749 484 2821; x_wconf 70' lang='lat' dir='ltr'>cuncta</span> <span class='ocrx_word' id='word_1_107' title='bbox 499 2773 577 2843; x_wconf 87' lang='lat' dir='ltr'>quae</span> <span class='ocrx_word' id='word_1_108' title='bbox 594 2748 688 2843; x_wconf 89' lang='lat' dir='ltr'>apud</span> <span class='ocrx_word' id='word_1_109' title='bbox 704 2747 858 2846; x_wconf 86' lang='lat' dir='ltr'>legiones</span> <span class='ocrx_word' id='word_1_110' title='bbox 874 2769 932 2820; x_wconf 89' lang='lat' dir='ltr'>aut</span> <span class='ocrx_word' id='word_1_111' title='bbox 949 2751 1050 2822; x_wconf 88' lang='lat' dir='ltr'>urbes</span> <span class='ocrx_word' id='word_1_112' title='bbox 1061 2747 1217 2844; x_wconf 82' lang='lat' dir='ltr'>jusserat,</span> <span class='ocrx_word' id='word_1_113' title='bbox 1242 2751 1325 2822; x_wconf 90' lang='lat' dir='ltr'>abo-</span> 
     </span>
     <span class='ocr_line' id='line_1_20' title="bbox 358 2864 1327 2965; baseline 0.003 -26"><span class='ocrx_word' id='word_1_114' title='bbox 358 2867 433 2956; x_wconf 88' lang='lat' dir='ltr'>lita,</span> <span class='ocrx_word' id='word_1_115' title='bbox 467 2868 524 2939; x_wconf 88' lang='lat' dir='ltr'>vel</span> <span class='ocrx_word' id='word_1_116' title='bbox 564 2865 601 2937; x_wconf 91' lang='lat' dir='ltr'>in</span> <span class='ocrx_word' id='word_1_117' title='bbox 640 2866 850 2941; x_wconf 85' lang='lat' dir='ltr'>contrarium</span> <span class='ocrx_word' id='word_1_118' title='bbox 888 2864 982 2940; x_wconf 86' lang='lat' dir='ltr'>versa</span> <span class='ocrx_word' id='word_1_119' title='bbox 1008 2868 1209 2965; x_wconf 84' lang='lat' dir='ltr'>cognoscit:</span> <span class='ocrx_word' id='word_1_120' title='bbox 1247 2867 1327 2942; x_wconf 90' lang='lat' dir='ltr'>hinc</span> 
     </span>
     <span class='ocr_line' id='line_1_21' title="bbox 360 2983 1326 3084; baseline 0 -26"><span class='ocrx_word' id='word_1_121' title='bbox 360 3009 481 3084; x_wconf 80' lang='lat' dir='ltr'>graves</span> <span class='ocrx_word' id='word_1_122' title='bbox 493 2983 529 3056; x_wconf 91' lang='lat' dir='ltr'>in</span> <span class='ocrx_word' id='word_1_123' title='bbox 540 2983 700 3058; x_wconf 86' lang='lat' dir='ltr'>Pisonem</span> <span class='ocrx_word' id='word_1_124' title='bbox 716 2985 947 3074; x_wconf 77' lang='lat' dir='ltr'>contumelia,</span> <span class='ocrx_word' id='word_1_125' title='bbox 980 3011 1044 3059; x_wconf 89' lang='lat' dir='ltr'>nec</span> <span class='ocrx_word' id='word_1_126' title='bbox 1061 2987 1175 3060; x_wconf 78' lang='lat' dir='ltr'>minus</span> <span class='ocrx_word' id='word_1_127' title='bbox 1191 2989 1326 3075; x_wconf 85' lang='lat' dir='ltr'>acerba,</span> 
     </span>
     <span class='ocr_line' id='line_1_22' title="bbox 359 3101 1326 3200; baseline -0.001 -23"><span class='ocrx_word' id='word_1_128' title='bbox 359 3130 438 3200; x_wconf 86' lang='lat' dir='ltr'>quae</span> <span class='ocrx_word' id='word_1_129' title='bbox 459 3107 504 3176; x_wconf 88' lang='lat' dir='ltr'>ab</span> <span class='ocrx_word' id='word_1_130' title='bbox 526 3103 586 3176; x_wconf 92' lang='lat' dir='ltr'>illo</span> <span class='ocrx_word' id='word_1_131' title='bbox 605 3103 641 3175; x_wconf 91' lang='lat' dir='ltr'>in</span> <span class='ocrx_word' id='word_1_132' title='bbox 663 3101 833 3177; x_wconf 88' lang='lat' dir='ltr'>Caesarem</span> <span class='ocrx_word' id='word_1_133' title='bbox 849 3107 1081 3177; x_wconf 88' lang='lat' dir='ltr'>tentabantur.</span> <span class='ocrx_word' id='word_1_134' title='bbox 1130 3105 1223 3178; x_wconf 89' lang='lat' dir='ltr'>Dein</span> <span class='ocrx_word' id='word_1_135' title='bbox 1248 3103 1326 3176; x_wconf 92' lang='lat' dir='ltr'>Piso</span> 
     </span>
     <span class='ocr_line' id='line_1_23' title="bbox 358 3221 1326 3315; baseline -0.002 -21"><span class='ocrx_word' id='word_1_136' title='bbox 358 3221 557 3315; x_wconf 72' lang='lat' dir='ltr'>abireSyria</span> <span class='ocrx_word' id='word_1_137' title='bbox 573 3221 712 3305; x_wconf 88' lang='lat' dir='ltr'>statuit;</span> <span class='ocrx_word' id='word_1_138' title='bbox 741 3247 826 3294; x_wconf 87' lang='lat' dir='ltr'>mox</span> <span class='ocrx_word' id='word_1_139' title='bbox 844 3223 985 3296; x_wconf 75' lang='lat' dir='ltr'>adversa</span> <span class='ocrx_word' id='word_1_140' title='bbox 1011 3221 1208 3296; x_wconf 89' lang='lat' dir='ltr'>Germanici</span> <span class='ocrx_word' id='word_1_141' title='bbox 1235 3223 1326 3293; x_wconf 88' lang='lat' dir='ltr'>vale-</span> 
     </span>
     <span class='ocr_line' id='line_1_24' title="bbox 361 3339 1328 3435; baseline 0 -25"><span class='ocrx_word' id='word_1_142' title='bbox 361 3340 482 3412; x_wconf 87' lang='lat' dir='ltr'>tudine</span> <span class='ocrx_word' id='word_1_143' title='bbox 509 3339 679 3426; x_wconf 91' lang='lat' dir='ltr'>detentus,</span> <span class='ocrx_word' id='word_1_144' title='bbox 702 3339 762 3410; x_wconf 94' lang='lat' dir='ltr'>ubi</span> <span class='ocrx_word' id='word_1_145' title='bbox 790 3359 982 3413; x_wconf 85' lang='lat' dir='ltr'>recreatum</span> <span class='ocrx_word' id='word_1_146' title='bbox 1010 3340 1153 3435; x_wconf 90' lang='lat' dir='ltr'>accepit,</span> <span class='ocrx_word' id='word_1_147' title='bbox 1177 3358 1328 3433; x_wconf 87' lang='lat' dir='ltr'>votaque</span> 
     </span>
     <span class='ocr_line' id='line_1_25' title="bbox 361 3455 1325 3555; baseline -0.002 -25"><span class='ocrx_word' id='word_1_148' title='bbox 361 3482 425 3555; x_wconf 92' lang='lat' dir='ltr'>pro</span> <span class='ocrx_word' id='word_1_149' title='bbox 448 3456 684 3530; x_wconf 86' lang='lat' dir='ltr'>incolumitate</span> <span class='ocrx_word' id='word_1_150' title='bbox 727 3457 960 3548; x_wconf 89' lang='lat' dir='ltr'>solvebantur,</span> <span class='ocrx_word' id='word_1_151' title='bbox 1000 3459 1155 3532; x_wconf 89' lang='lat' dir='ltr'>admotas</span> <span class='ocrx_word' id='word_1_152' title='bbox 1186 3455 1325 3545; x_wconf 85' lang='lat' dir='ltr'>hostias,</span> 
     </span>
     <span class='ocr_line' id='line_1_26' title="bbox 361 3574 1328 3672; baseline -0.001 -23"><span class='ocrx_word' id='word_1_153' title='bbox 361 3574 581 3650; x_wconf 86' lang='lat' dir='ltr'>sacrificalem</span> <span class='ocrx_word' id='word_1_154' title='bbox 615 3596 831 3672; x_wconf 88' lang='lat' dir='ltr'>apparatum,</span> <span class='ocrx_word' id='word_1_155' title='bbox 870 3575 991 3651; x_wconf 88' lang='lat' dir='ltr'>sestam</span> <span class='ocrx_word' id='word_1_156' title='bbox 1031 3575 1328 3650; x_wconf 85' lang='lat' dir='ltr'>Antiochiensrum</span> 
     </span>
     <span class='ocr_line' id='line_1_27' title="bbox 362 3694 1328 3792; baseline 0.002 -26"><span class='ocrx_word' id='word_1_157' title='bbox 362 3697 516 3791; x_wconf 88' lang='lat' dir='ltr'>plebem,</span> <span class='ocrx_word' id='word_1_158' title='bbox 543 3719 604 3790; x_wconf 92' lang='lat' dir='ltr'>per</span> <span class='ocrx_word' id='word_1_159' title='bbox 621 3695 758 3768; x_wconf 72' lang='lat' dir='ltr'>Iistores</span> <span class='ocrx_word' id='word_1_160' title='bbox 776 3697 967 3792; x_wconf 86' lang='lat' dir='ltr'>proturbat.</span> <span class='ocrx_word' id='word_1_161' title='bbox 1016 3697 1112 3769; x_wconf 88' lang='lat' dir='ltr'>Tum</span> <span class='ocrx_word' id='word_1_162' title='bbox 1136 3694 1328 3768; x_wconf 90' lang='lat' dir='ltr'>Seleuciam</span> 
     </span>
     <span class='ocr_line' id='line_1_28' title="bbox 360 3812 1343 3913; baseline -0.002 -25"><span class='ocrx_word' id='word_1_163' title='bbox 360 3812 566 3910; x_wconf 87' lang='lat' dir='ltr'>digreditur,</span> <span class='ocrx_word' id='word_1_164' title='bbox 596 3813 775 3910; x_wconf 86' lang='lat' dir='ltr'>opperiens</span> <span class='ocrx_word' id='word_1_165' title='bbox 803 3815 1059 3912; x_wconf 84' lang='lat' dir='ltr'>aegritudinem,</span> <span class='ocrx_word' id='word_1_166' title='bbox 1088 3841 1165 3913; x_wconf 84' lang='lat' dir='ltr'>quae</span> <span class='ocrx_word' id='word_1_167' title='bbox 1194 3813 1343 3887; x_wconf 90' lang='lat' dir='ltr'>rursum·</span> 
     </span>
     <span class='ocr_line' id='line_1_29' title="bbox 363 3931 1329 4032; baseline -0.001 -25"><span class='ocrx_word' id='word_1_168' title='bbox 363 3931 571 4007; x_wconf 88' lang='lat' dir='ltr'>Germanico</span> <span class='ocrx_word' id='word_1_169' title='bbox 587 3931 754 4008; x_wconf 85' lang='lat' dir='ltr'>acciderat</span> <span class='ocrx_word' id='word_1_170' title='bbox 770 3963 780 4008; x_wconf 74' lang='grc' dir='ltr'><em>ι</em></span> <span class='ocrx_word' id='word_1_171' title='bbox 802 3932 928 4009; x_wconf 88' lang='lat' dir='ltr'>saevam</span> <span class='ocrx_word' id='word_1_172' title='bbox 960 3934 1033 4010; x_wconf 89' lang='lat' dir='ltr'>vim</span> <span class='ocrx_word' id='word_1_173' title='bbox 1050 3933 1162 4010; x_wconf 90' lang='lat' dir='ltr'>morbi</span> <span class='ocrx_word' id='word_1_174' title='bbox 1179 3935 1329 4032; x_wconf 86' lang='lat' dir='ltr'>augebat</span> 
     </span>
    </p>
   </div>
   <div class='ocr_carea' id='block_1_3' title="bbox 0 0 1642 5284">
    <p class='ocr_par' dir='ltr' id='par_1_5' title="bbox 0 0 1642 5284">
     <span class='ocr_line' id='line_1_30' title="bbox 0 0 1642 5284; baseline 0 0"><span class='ocrx_word' id='word_1_175' title='bbox 0 0 1642 5284; x_wconf 95' lang='lat' dir='ltr'> </span> 
     </span>
    </p>
   </div>
  </div>
 </body>
</html>
