3259 5284
359 617 429 685 104
610 589 1120 666 C.ConuttrtTnc1r1

353 766 480 839 liberos
503 764 575 862 ejus
596 788 634 840 ut
658 768 809 840 multirm
830 763 920 838 infra
943 765 1149 862 despeslare:
1175 789 1240 840 nec
1261 767 1328 841 du-

352 885 454 958 bium
472 888 634 976 habebat,
659 886 894 974 sedeleslum,
921 884 981 982 qui
1002 885 1109 980 Syriae
1131 884 1327 980 imponere-

351 1022 421 1094 tur,
459 1004 503 1077 ad
535 1002 610 1100 spes
639 1005 839 1077 Germanici
877 1004 1111 1076 coercendas:
1151 1007 1329 1078 credidere

353 1123 499 1220 quidam
527 1125 608 1196 data
642 1127 675 1197 δι
706 1150 727 1197 a
758 1123 904 1195 Tiberio
928 1123 1066 1194 occulta
1089 1125 1265 1216 mandata,
1293 1129 1328 1198 &
1389 1135 1392 1142 '

353 1241 558 1314 Plancinam
605 1244 699 1316 haud
729 1242 837 1315 dubie
870 1241 1028 1339 Augusta
1061 1241 1211 1332 monuit,
1251 1270 1329 1317 mu·

354 1358 454 1432 liebri
491 1363 709 1436 aemulatione
754 1361 991 1460 Agrippinam
1019 1361 1230 1434 infestandi:
1275 1365 1328 1436 di-

352 1477 424 1551 visa
446 1505 600 1578 namque
629 1485 662 1552 &
686 1480 812 1554 discors
837 1482 914 1552 aula
935 1499 1020 1568 erat,
1046 1479 1156 1554 tacitis
1173 1481 1209 1553 in
1231 1483 1327 1556 Dru-

350 1595 427 1671 sum
453 1621 513 1672 aut
540 1599 788 1673 Germanicum
809 1598 939 1672 studiis.
987 1598 1164 1689 Tiberius,
1184 1620 1223 1673 ut
1250 1625 1329 1697 pro-

351 1719 484 1816 prium,
511 1726 544 1794 ὅτ
570 1719 619 1792 sui
642 1718 829 1819 sanguinis,
857 1713 1012 1792 Drusum
1040 1718 1204 1793 fovebat:
1240 1723 1328 1793 Ger-

351 1838 505 1928 manico,
541 1838 701 1912 alienatio
732 1839 858 1936 patrui,
898 1863 1052 1912 amorem
1079 1840 1174 1936 apud
1200 1860 1329 1913 ceteros

351 1977 517 2043 auxerat3
548 1962 581 2031 &
610 1958 692 2056 quia
719 1958 924 2032 claritudine
946 1956 1092 2030 materni
1115 1959 1247 2054 generis
1269 1985 1330 2033 an-

350 2076 473 2167 teibat,
500 2104 606 2149 avum
630 2081 687 2149 M.
709 2077 919 2165 Antonium,
952 2078 1167 2148 avunculum
1190 2078 1329 2174 Augus-

351 2213 429 2266 tum
446 2193 577 2268 serens:
602 2196 722 2268 contra
739 2193 853 2267 Druso
876 2218 1039 2290 proavus,
1068 2218 1175 2289 eques
1194 2199 1328 2268 Roma-

351 2338 430 2401 nus,
465 2313 679 2408 Pomponius
712 2313 851 2384 Atticus
896 2311 1063 2384 dedecere
1101 2311 1329 2388 Claudiorum

350 2429 520 2527 imagines
538 2431 738 2504 videbatur:
765 2435 797 2503 llr
814 2428 969 2526 conjunx
986 2431 1184 2504 Germanici
1196 2431 1328 2528 Agrip-

351 2548 446 2646 pina,
477 2548 687 2623 fecunditate
710 2577 749 2623 ac
772 2549 865 2622 fama
891 2548 1034 2622 Liviam
1058 2575 1206 2623 uxorem
1229 2553 1330 2624 Druli

352 2670 595 2763 praecellebat:
633 2667 691 2741 sed
729 2668 844 2741 sratres
878 2669 1017 2766 egregie
1053 2671 1258 2760 concordes,
1296 2671 1329 2741 δι

353 2788 596 2883 proximorum
613 2787 860 2861 certaminibus
879 2788 1108 2890 inconcussi*

402 2907 536 2979 XLIV.
565 2909 652 2982 Nrc
681 2907 793 2979 multo
822 2906 898 3003 post
927 2905 1058 2980 Drusus
1087 2907 1123 2980 in
1152 2909 1330 3004 Illyricum

353 3023 474 3099 missus
501 3025 565 3114 est,
598 3045 638 3097 ut
663 3023 826 3099 suesceret
853 3025 998 3116 militiae,
1026 3026 1207 3123 studiaque
1233 3053 1330 3100 exer-

352 3144 445 3216 citos
474 3165 625 3239 pararet;
656 3145 755 3215 simul
775 3143 944 3240 juvenem
970 3147 1102 3218 urbano
1127 3147 1212 3216 luxu
1234 3144 1328 3218 lasci-

351 3263 506 3334 vientem
534 3261 657 3332 melius
685 3262 721 3332 in
746 3263 858 3334 castris
884 3262 1001 3334 haberi
1024 3261 1197 3352 Tiberius,
1228 3261 1331 3360 seque

351 3379 513 3451 tutiorem
531 3381 680 3468 rebatur,
713 3400 860 3477 utroque
888 3381 961 3452 filio
989 3381 1143 3478 legiones
1168 3383 1328 3455 obtinen-

353 3517 398 3569 te.
448 3497 516 3570 Sed
540 3498 644 3570 Suevi
667 3500 979 3595 praetendebantur,
1014 3499 1184 3573 auxilium
1208 3502 1329 3575 adver·
1444 3579 1449 3588 ,
1519 3539 1522 3546 ·

351 3617 408 3688 sits
423 3614 611 3688 Cheruscos
627 3638 781 3690 orantes:
814 3645 895 3692 nam
913 3618 1055 3692 discessu
1071 3624 1328 3712 Romanorum,

351 3761 393 3808 ac
415 3734 517 3807 vacui
540 3755 684 3810 externo
710 3759 820 3828 metu,
851 3740 963 3836 gentis
991 3737 1227 3828 adsuetudine,
1255 3760 1331 3813 tum

354 3859 389 3928 δι
406 3855 628 3927 aemulatione
654 3857 788 3954 gloriae,
815 3886 910 3932 arma
926 3859 975 3932 in'
989 3860 1024 3932 se
1049 3879 1242 3934 verterant:
1279 3859 1330 3931 vis

351 3973 545 4066 nationum,
574 3974 682 4052 virtus
705 3979 840 4053 ducum
863 3978 899 4052 in
919 4005 1048 4078 aequo:
1084 3979 1143 4056 sed
1159 3982 1337 4056 Marobo:
