3259 5284
383 539 450 611 160
613 539 655 611 C.
683 539 922 613 Conuenit
948 538 1128 613 Tncrrr

377 693 481 807 inrisu
496 692 711 785 audientium
729 712 922 810 postulavit.
972 714 1210 788 Praetendebat
1242 720 1271 757 “
1289 712 1348 789 fibi

380 834 409 870 “
420 813 530 925 'atque
547 828 640 903 fratri
657 834 794 905 decreta
808 834 944 921 eadem,
979 852 1116 929 petente
1133 834 1296 931 Augusto
1313 835 1351 906 :''

378 945 437 1019 sed
454 972 570 1045 neque
594 969 671 1029 tum
703 948 801 1024 fuisse
817 952 1062 1041 dubitaverim,
1093 950 1154 1048 qui
1182 949 1348 1048 ejusmodi

379 1090 499 1161 preces
515 1068 643 1141 occulti
658 1069 872 1142 inluderent:
898 1095 938 1144 ac
964 1088 1081 1143 tamen
1104 1068 1200 1141 initia
1223 1068 1349 1169 fastigii

378 1182 570 1260 Caesaribus
591 1208 713 1261 erant:
744 1187 924 1285 magisque
952 1187 987 1260 in
1015 1186 1123 1261 oculis
1141 1208 1239 1261 vetus
1256 1216 1346 1280 mos,

378 1308 413 1378 δι
440 1304 607 1405 privignis
624 1333 707 1380 cum
722 1306 846 1379 vitrico
863 1308 971 1380 levior
986 1309 1207 1398 necessitud0,
1240 1308 1348 1405 quam

377 1447 446 1496 avo
474 1427 658 1499 adverstim
688 1445 865 1525 nepotem.
934 1426 1088 1499 Additur
1116 1428 1347 1523 pontificatus,

379 1545 413 1613 δι
438 1568 509 1639 quo
526 1544 679 1641 primum
703 1545 760 1619 die
786 1543 899 1617 forum
929 1543 1094 1643 ingressus
1116 1546 1179 1635 est,
1204 1544 1347 1643 congia·

378 1660 471 1733 rium
505 1664 612 1760 plebi,
657 1664 853 1736 admodum
882 1666 983 1754 laetae,
1022 1663 1119 1763 qudd
1150 1664 1349 1737 Germanici

378 1780 520 1877 stirpem
529 1780 605 1879 jam
622 1785 787 1878 puberem
804 1780 998 1880 aspiciebat.
1048 1785 1203 1855 Ausium
1221 1784 1348 1857 dehinc

377 1898 560 1996 gaudium,
575 1922 579 1929 ·
592 1900 719 1996 nuptiis
747 1900 900 1973 Neronis
929 1906 961 1974 δε
991 1899 1093 1997 Jutiae
1120 1901 1222 1976 Drusi
1256 1903 1347 1975 siliae.

377 2020 502 2115 thue
528 2019 603 2091 haec
627 2018 778 2091 secundo
800 2043 952 2109 rumore,
977 2019 1023 2093 ita
1054 2021 1204 2113 aduersis¹
1225 2020 1348 2093 animis

377 2156 575 2233 acceptum,
602 2134 700 2234 qudd
724 2137 797 2209 filio
821 2137 957 2209 Claudii
983 2138 1075 2212 socer
1095 2136 1234 2235 Sejanus
1249 2140 1350 2213 desti·

369 2277 538 2358 naretur:
572 2256 731 2351 polluisse
746 2254 963 2329 nobilitatem
990 2254 1127 2329 familia
1149 2256 1347 2349 videbatur,

378 2372 644 2471 suspectumque
664 2371 739 2470 jam
761 2372 876 2447 nimiae
904 2373 974 2470 spei
995 2372 1155 2471 Sejanum
1169 2377 1260 2449 ultro
1288 2402 1350 2451 ex-

377 2493 500 2566 tulisse.
802 2485 806 2492 ’

425 2614 550 2686 ΧΧΧ.
579 2614 610 2686 F
612 2638 682 2685 uta
700 2614 781 2686 anni
797 2611 991 2687 concessere
1008 2612 1078 2687 vitai
1093 2612 1240 2710 insignes
1265 2614 1350 2707 viri,

376 2732 423 2805 L.
448 2732 620 2821 Volusius,
651 2735 685 2803 ὅτ
714 2732 891 2805 Sallustius
913 2732 1064 2830 Crispus.
1125 2735 1267 2808 Volusio
1288 2760 1349 2807 ve-

376 2870 432 2924 tus
471 2848 615 2941 familia,
656 2877 771 2948 neque
814 2872 932 2925 tamen
970 2872 1154 2949 praeturam
1187 2856 1347 2951 egressa:

376 2968 448 3067 ipse
473 2970 688 3045 consulatum
716 2970 848 3061 intulit,
879 2970 1032 3043 censoria
1059 2970 1163 3044 etiam
1186 2972 1350 3067 potestate

376 3089 533 3186 legendis
570 3090 729 3187 equitum
784 3090 931 3163 decuriis
970 3090 1121 3181 functus,
1154 3116 1349 3188 opumque,

378 3207 457 3304 quis
485 3209 613 3279 domus
634 3208 693 3281 illa
717 3208 929 3281 immensitm
962 3207 1089 3305 viguit,
1129 3208 1259 3305 primus
1288 3211 1349 3283 ad·

378 3326 585 3414 cumulator.
646 3326 822 3421 Crispum,
849 3326 997 3421 equestri
1026 3346 1143 3397 ortum
1175 3326 1269 3415 loco,
1307 3328 1349 3400 C.

378 3443 578 3530 Sallustius,
601 3466 714 3514 rerum
736 3446 982 3516 Romanorum
999 3444 1252 3519 florentissimus
1268 3470 1350 3517 auc-

376 3581 444 3651 tor,
482 3561 603 3634 sotoris
635 3581 799 3658 nepotem
832 3562 868 3634 in
900 3588 1029 3635 nomen
1053 3560 1217 3635 adscivit:
1245 3582 1349 3659 atque

378 3680 449 3769 ille,
475 3680 690 3777 quamquam
715 3701 882 3779 prompto
898 3683 942 3754 ad
960 3683 1179 3779 capessendos
1199 3684 1349 3759 honores

299 3872 308 3891 ¹,
378 3797 491 3886 aditu,
522 3801 757 3873 Maecenatem
785 3802 982 3893 aemulatus,
1005 3806 1074 3875 stne
1107 3801 1277 3901 dignitate
1298 3801 1348 3874 se-

281 3958 289 4006 ;
376 3918 506 3993 natoria
557 3919 686 3993 multos
727 3919 1004 4020 triumphalium,
1047 3920 1349 4018 consulariumque
