3259 5284
392 661 440 713 20
585 633 626 705 C.
660 633 1178 710 Connnnrr'Tscm

441 805 915 880 xlxnccmmwn
965 805 1074 882 nihilo
1114 807 1121 820 '
1233 805 1363 902 cespes,

386 921 531 1022 jamque
563 925 691 1021 pestori
723 923 831 1024 usque
860 927 1068 1016 adcrevern,
1224 926 1365 998 tandem

393 1043 582 1140 pervicacis
606 1045 688 1118 viui
703 1045 897 1143 incoeptum
913 1045 1069 1119 omisere.
1189 1042 1242 1116 sus
1256 1046 1367 1118 mults

389 1163 530 1237 dicendi
546 1183 630 1254 arte,
662 1166 792 1238 “Non
820 1190 879 1262 per
894 1162 1145 1237 seditionem&
1179 1165 1279 1236 urbas
1302 1165 1364 1236 de-

395 1289 423 1326 “
441 1282 558 1356 liderla
573 1283 724 1356 militum
734 1282 957 1358 adCaesarem
973 1281 1151 1372 ferenda,'’
1166 1281 1235 1354 ait:
1264 1291 1291 1326 ‘⁶
1303 1308 1364 1356 ne·

394 1408 422 1444 “
440 1428 508 1499 que
519 1421 649 1476 veteres
666 1405 711 1477 ab
727 1403 987 1501 imperatoribus
1004 1401 1130 1500 priscis,
1146 1425 1260 1498 neque
1276 1399 1365 1498 ipsos

391 1529 421 1565 “
437 1547 459 1595 a
474 1522 558 1594 divo
575 1523 733 1618 Augusto
749 1543 822 1595 tam
839 1549 931 1595 nova
946 1521 1120 1620 petivisse:
1141 1524 1174 1593 &
1192 1545 1312 1616 pamm
1328 1519 1365 1592 in

393 1647 421 1683 “
440 1660 596 1738 tempore
612 1641 811 1738 incipientes
836 1641 1002 1738 Principis
1018 1667 1114 1715 curas
1138 1638 1281 1714 onerari.
1329 1636 1365 1710 Si

393 1759 421 1802 “
439 1779 555 1832 tamen
567 1762 745 1833 tenderent
758 1761 792 1834 in
806 1785 890 1857 pace
900 1779 1041 1849 tentare,
1060 1785 1138 1861 qun
1154 1784 1199 1831 ne
1209 1756 1364 1831 civilium

392 1885 422 1920 “
440 1878 583 1975 quidem
611 1881 781 1954 bellorum
813 1877 1285 1976 vidoresexposttdaverinn
1304 1903 1364 1950 cur

392 2003 421 2040 “
439 2017 558 2071 contra
584 2025 718 2072 morem
745 1997 911 2095 obsequii,
941 2018 1060 2072 contra
1087 1990 1363 2093 fasdisciplinae,

392 2121 421 2160 “
440 2116 515 2190 vim
527 2118 759 2192 meditentur?
779 2117 996 2192 decernerent
1012 2119 1157 2215 legatos,
1185 2114 1288 2214 seque
1302 2141 1362 2189 co·

392 2242 421 2278 “
438 2261 512 2310 ram
528 2238 691 2310 mandata
703 2238 859 2310 darent.''
891 2237 1154 2326 Adclamavere,
1174 2242 1202 2277 ‘⁶
1219 2255 1257 2308 ut
1272 2236 1362 2322 filius

392 2359 420 2398 ‘⁴
437 2355 545 2443 Blaesi,
574 2354 743 2447 tn'bunus,
776 2353 950 2453 legatione
976 2357 1017 2429 es
1032 2354 1242 2452 fingentur,
1267 2373 1362 2451 pete·

392 2480 421 2516 “
438 2492 558 2570 retque
583 2473 749 2547 militibus
766 2473 957 2547 missionem
982 2477 1027 2547 ab
1049 2471 1223 2549 sexdecim
1239 2473 1359 2548 annis:

393 2597 549 2666 “cetera
581 2595 815 2682 mandaturos,
854 2593 915 2666 ubi
957 2592 1067 2690 prima
1098 2591 1364 2688 provenissent.”

390 2709 550 2787 Profeslo
568 2709 711 2808 juvene,
741 2711 919 2784 modicum
944 2710 1080 2784 otium:
1107 2709 1166 2784 sed
1191 2709 1363 2807 superbire

389 2829 504 2920 miles,
533 2829 629 2927 qudd
657 2829 747 2903 filius
779 2830 897 2928 legati,
925 2849 1039 2903 orator
1065 2829 1212 2926 publicae
1240 2828 1361 2920 causae,

389 2948 467 3022 satis
484 2950 686 3039 ostenderet,
716 2953 906 3022 necessitate
921 2950 1087 3049 expressa,
1141 2975 1194 3022 uae
1211 2974 1272 3046 per
1286 2975 1363 3024 mo-

387 3069 534 3142 destiam
550 3095 622 3144 non
638 3067 869 3142 obtinuissent.
1448 3079 1451 3086 '

440 3189 524 3261 XX.
557 3190 735 3260 lurnnnn
752 3185 933 3282 manipuli,
964 3208 1044 3260 ante
1059 3213 1114 3260 coe
1141 3206 1211 3260 tam
1227 3185 1363 3262 seditio·

390 3331 473 3380 nem
486 3307 706 3402 Nauportum
722 3305 809 3378 milli
825 3308 873 3378 ob
883 3305 1014 3396 itinera,
1029 3310 1063 3378 a
1120 3389 1124 3398 Ι
1150 3325 1214 3393 tes,
1234 3305 1364 3380 &alios

390 3423 482 3514 usus,
512 3423 694 3523 postquam
709 3427 885 3497 turbatum
900 3424 935 3498 in
952 3425 1064 3498 castris
1081 3424 1255 3522 accepere,
1278 3449 1364 3498 vex·

391 3544 451 3618 illa
467 3545 690 3617 convellunt:
709 3541 913 3640 direptisque
925 3541 1090 3640 proximis
1106 3541 1204 3631 vicis,
1221 3539 1365 3638 ipsoque

350 3733 354 3744 .
391 3666 589 3761 Nauport0,
620 3665 715 3761 quod
747 3661 925 3759 municipii
941 3661 1040 3736 instar
1066 3681 1148 3750 erat,
1181 3660 1363 3734 retinentes

391 3782 604 3857 centuriones
621 3780 722 3856 inrisu
739 3787 773 3856 δι
789 3782 1018 3873 contumeliis,
1049 3779 1221 3879 postremo
1243 3782 1363 3854 verbe·

390 3903 483 3976 ribus
500 3901 724 3975 insedlantur:
744 3903 914 4000 praecipult
928 3901 965 3974 in
976 3899 1203 3974 Aufidienum
1213 3897 1363 3988 Rufum,

391 4021 588 4123 prasedum
621 4021 820 4114 castrorum,
852 4021 913 4114 irs,
948 4046 1054 4121 quem
1069 4021 1250 4120 dereptum
1266 4017 1364 4096 vehi-
