3259 5284
482 601 805 672 Annnrrurr
840 598 963 669 Lrn.
995 595 1025 669 Ι.
1194 621 1239 694 33

262 780 290 818 “
308 774 498 865 immunes,
524 773 583 847 nifi
601 770 827 872 propulsandi
853 771 986 846 hostis:
1011 773 1127 870 legata
1160 797 1240 871 quae

259 901 288 937 “
305 893 512 993 petiverant,
537 891 670 967 exsolvi
693 891 973 992 duplicarique.”

318 1010 511 1086 XXXVII.
548 1015 690 1087 sansn
708 1003 825 1086 'miles
852 1013 889 1086 ln
912 1034 1052 1110 tempus
1074 1013 1239 1106 confieu,

258 1131 442 1230 statimque
464 1132 660 1231 flagitavit:
692 1132 802 1209 miffio
821 1159 883 1231 per
903 1133 1063 1208 tribtrnos
1085 1154 1238 1208 matum·

259 1270 340 1325 tur:
376 1236 513 1350 largitio
553 1252 775 1327 differebatur
808 1253 846 1326 in
884 1253 1029 1328 hiberna
1061 1251 1237 1352 cujusque.

260 1369 540 1462 anabsclffere
555 1371 713 1470 quintani
739 1372 1102 1470 unetvieelimanique,
1125 1374 1240 1448 donec

259 1488 379 1565 iisdem
401 1491 437 1563 in
461 1491 601 1582 aestivis,
629 1494 803 1566 contratll
824 1517 871 1564 ex
893 1491 1020 1565 viatico
1042 1492 1240 1566 amicorum

261 1607 430 1707 ipsrusque
453 1610 593 1684 Caesan‘s
615 1611 774 1710 pecunilt,
793 1609 1056 1708 persolveretur.
1081 1610 1239 1684 Primam

260 1754 300 1802 ac
316 1728 513 1802 vicefimam
530 1731 683 1829 legiones
697 1730 836 1804 Caecina
851 1732 986 1828 legatus
1000 1729 1036 1802 in
1062 1729 1239 1804 civitatem

262 1847 441 1922 Ubiorum
457 1849 612 1941 reduxit,
626 1849 721 1947 turpi
729 1849 884 1949 agmine,
909 1850 992 1923 clun
1013 1848 1084 1922 fisci
1103 1849 1150 1921 de
1170 1847 1238 1922 im·

262 1985 419 2064 peratore
442 1968 546 2068 rapti,
568 1969 656 2043 inter
678 1972 785 2069 figna,
812 1969 970 2066 interque
993 1968 1140 2066 aquilas,
1175 1993 1237 2042 ve·

260 2087 433 2161 limentur.
491 2089 720 2166 Germanicus
743 2088 954 2186 superiorem
980 2089 1026 2161 ad
1044 2085 1238 2160 exercitum
1374 2176 1377 2192 Ι

261 2204 450 2303 ρῐοὶοᾶιιε,
479 2206 663 2282 secundam
689 2213 722 2282 &
751 2208 1073 2282 tertiamdocumam
1100 2208 1139 2278 δι
1161 2205 1237 2282 sex·

261 2327 522 2401 tamdocumam
537 2329 704 2426 legiones,
727 2327 815 2400 nihil
838 2329 1028 2417 cunelatas,
1045 2324 1237 2402 sacramen-

260 2465 298 2518 to
325 2447 449 2546 adigit.
515 2445 837 2544 Quartodecumani
869 2447 1028 2542 paullum
1052 2446 1236 2521 dubitave-

260 2585 360 2638 tant:
388 2565 587 2663 pecunia&
614 2565 739 2658 milsm,
766 2564 930 2664 quamvis
950 2590 1023 2638 non
1048 2565 1235 2664 flagitanti-

261 2686 341 2775 bus,
363 2686 481 2758 oblata
497 2685 556 2758 est.

308 2803 515 2878 XXXVIII.
541 2809 601 2878 Ar
628 2829 674 2877 tn
699 2805 879 2878 Crmncrs
908 2804 1111 2900 coeptavere
1147 2801 1235 2875 sedi-

259 2920 408 3013 tionem,
432 2923 632 3022 prandium
655 2922 825 3022 agitantes
841 2920 1012 2996 vexillarii
1024 2919 1237 2994 discordium

259 3039 455 3138 legionum,
481 3046 515 3116 &
533 3040 691 3138 praesenti
707 3044 862 3116 duorum
889 3041 1042 3114 militum
1064 3037 1237 3136 supplicio

261 3161 419 3257 paullum
437 3163 578 3258 repressi
594 3160 683 3234 sunt.
733 3163 882 3256 Jullerat
910 3160 948 3232 id
976 3157 1145 3234 Mennius
1166 3155 1235 3232 cas·

260 3299 399 3354 trorum
427 3277 624 3376 praelotms,
657 3284 751 3354 bono
778 3280 892 3379 magis
918 3280 1099 3375 exemplo,
1126 3277 1237 3376 quim

260 3399 418 3473 concesso
437 3395 529 3496 jure.
578 3398 717 3474 Deinde
740 3397 987 3497 intumescgnte
1011 3417 1124 3487 motu,
1152 3420 1235 3493 pto-

258 3515 364 3616 fugus
412 3515 648 3616 repertusque,
697 3519 884 3616 postquam
926 3495 1049 3589 iniutte
1079 3519 1236 3606 latebrae,

259 3637 459 3734 praefidium
494 3641 540 3716 ab
579 3637 721 3711 audacil
744 3655 947 3712 mutuatur:
985 3635 1112 3709 “Non
1143 3657 1235 3733 prae-

259 3761 289 3800 “
304 3755 437 3830 festum
474 3759 520 3832 ab
556 3755 611 3847 iis,
644 3755 702 3830 sod
725 3755 978 3830 Germanicum
1001 3755 1144 3844 ducem,
1177 3753 1236 3826 sed

259 3875 490 3952 “Tiberium
523 3877 773 3974 imperatorem
807 3873 970 3948 violari.''
1021 3873 1142 3947 'Simul
1172 3897 1234 3945 ex-

260 3993 388 4074 territis
413 3995 476 4096 qui
504 3995 720 4092 obstiterant,
744 4015 888 4092 raptum
911 3992 1084 4070 vexillum
1108 3993 1153 4066 ad
1188 3991 1235 4066 ri-
