3259 5284
383 615 409 670 ἲ

382 767 515 857 videat,
540 768 722 861 cuilubet,
748 770 878 846 librum
895 773 1053 846 Boemeri
1078 774 1115 846 rii
1138 776 1291 877 paxoepira
1313 779 1360 853 de

382 889 504 984 graecis
540 888 716 964 literarum
744 891 781 964 in
807 893 905 966 ltalia
931 893 1208 969 instauratoribus
1240 921 1275 994 p.
1300 902 1358 996 67.

381 1011 441 1080 68.
493 1010 585 1082 Inter
601 1010 748 1085 Codices
775 1035 879 1110 porro
895 1012 1166 1104 Ottobonianos,
1188 1017 1359 1114 Neapoli-

380 1145 494 1218 tanos,
528 1131 562 1200 S.
595 1129 740 1224 Joannis
773 1130 809 1203 in
842 1131 1065 1220 Carbonaria,
1098 1132 1359 1226 Caesenatenses,

380 1245 495 1319 Taciti
511 1247 590 1320 libri
607 1247 688 1320 inde
704 1252 749 1322 ab
766 1251 831 1323 XI.
848 1256 944 1324 Ann.
958 1251 1186 1347 reperiuntur,
1214 1253 1272 1326 sed
1289 1253 1359 1327 fere

379 1365 576 1439 recentioris
600 1367 787 1465 scripturae.
850 1371 959 1442 Extat
986 1369 1092 1442 etiam
1121 1371 1246 1445 Codex
1275 1376 1357 1446 MS.

380 1488 665 1560 membranaceus
690 1486 727 1559 in
754 1483 970 1562 Bibliotheca
994 1489 1120 1562 Ducali
1148 1489 1358 1588 Guelferby-

379 1623 474 1694 tana,
497 1603 595 1703 cujus
611 1606 696 1678 mihi
714 1605 791 1679 usus
815 1607 967 1704 benigne
994 1609 1170 1681 concellus
1196 1608 1274 1683 fuit.
1324 1614 1358 1685 Is

284 1737 287 1744 '
378 1723 445 1798 fuit
463 1725 548 1798 olim
565 1728 605 1798 P.
622 1725 785 1814 Candidi,
820 1726 882 1822 qui
897 1724 955 1800 sua
971 1751 1078 1800 manu
1094 1727 1131 1799 in
1147 1727 1238 1801 libro
1254 1727 1358 1829 scrip-

379 1849 433 1934 sit,
461 1847 505 1918 ab
521 1843 554 1918 se
570 1866 703 1918 emtum
719 1847 785 1919 elle
813 1845 989 1935 Ferraria,
1020 1851 1066 1920 A.
1088 1846 1358 1922 MCCCCLXI.

379 1965 437 2038 die
454 1965 544 2037 Iunae
567 1965 724 2037 XXVIII
742 1967 837 2061 Sept.
855 1991 876 2038 a
893 1965 1085 2040 Franscisco
1100 1986 1219 2040 autern
1234 1968 1359 2042 Media

378 2085 490 2156 Barba
506 2083 633 2181 Birago
657 2084 753 2156 dono
777 2083 828 2156 est
851 2085 951 2157 datus
979 2086 1194 2182 Marquardo
1221 2088 1355 2178 Gudio,

378 2226 424 2275 ex
441 2201 536 2299 cujus
552 2202 767 2277 Bibliotheca
783 2202 821 2274 in
832 2202 1139 2298 Guelferbytanam
1151 2203 1257 2275 venit.
1290 2205 1359 2278 Sed

378 2323 425 2394 de
441 2324 511 2394 hoc
523 2323 545 2412 †
557 2322 688 2394 Codice
700 2321 787 2394 infra
800 2322 957 2418 pluribus
968 2320 1096 2395 dicam.
1122 2321 1244 2395 Minor
1254 2322 1357 2422 scrip-

377 2457 495 2512 torum
513 2463 675 2513 numerus
691 2439 740 2513 est
757 2440 791 2513 in
809 2440 1001 2515 minoribus
1017 2441 1157 2533 libellis,
1184 2441 1245 2539 qui
1274 2468 1358 2517 cum

378 2559 494 2632 Taciti
512 2559 709 2633 Annalibus
733 2564 768 2633 ac
794 2560 962 2635 Historiis
977 2563 1139 2650 eduntur,
1174 2560 1357 2652 Germania,

379 2681 542 2776 Agricola,
570 2683 603 2751 dr
622 2680 666 2752 de
683 2680 869 2752 Oratoribus
882 2681 1026 2778 Dialogo.
1067 2681 1164 2778 Qud
1182 2681 1285 2754 exiis
1303 2708 1357 2754 re-

379 2797 530 2896 periatur
547 2797 582 2868 in
594 2798 781 2889 Vaticanis,
800 2796 937 2895 Lipsius
954 2826 1025 2872 non
1043 2801 1162 2890 tradit,
1182 2799 1241 2873 nist
1259 2801 1357 2898 quod

378 2916 573 3014 Dialogum
584 2919 629 2991 ab
641 2917 681 2991 iis
696 2917 814 2992 afuiffe
830 2915 955 2992 scribit.
991 2919 1149 2993 Libellus
1164 2920 1210 2992 de
1222 2920 1357 2995 Morib.

380 3041 502 3113 Germ.
520 3036 701 3134 separatim
717 3056 857 3110 notatur
880 3037 916 3109 in
940 3039 1042 3130 MSS.
1060 3036 1234 3110 Mediceae
1251 3037 1359 3110 Bibli-

379 3160 510 3231 othecae
545 3159 632 3253 plut.
663 3179 719 3252 73.
752 3181 786 3226 n.
815 3179 849 3252 5.
878 3181 935 3252 ap.
972 3154 1292 3229 Montefalconium
1320 3181 1356 3253 p.

383 3280 464 3372 381.
485 3281 518 3348 δι
541 3275 577 3346 in
603 3275 703 3349 MSS.
721 3273 946 3346 Bibliothecae
962 3274 1120 3346 Norfolc.
1139 3273 1175 3345 in
1196 3273 1358 3370 Collegio

379 3395 630 3484 Grelhamensr,
649 3393 747 3490 quod
762 3392 919 3465 Londini
932 3393 993 3466 est.
1032 3383 1300 3466 Arundellianus
1316 3391 1357 3462 li-

381 3517 455 3602 ber,
470 3510 566 3609 cujus
583 3531 744 3608 excerpta
759 3512 857 3585 dedit
869 3514 956 3586 Abt.
970 3511 1181 3602 Gronovius,
1195 3513 1240 3582 V.
1253 3511 1295 3583 C.
1308 3512 1358 3584 est

378 3633 437 3704 ille
466 3630 550 3728 ipse,
588 3631 648 3727 qui
676 3629 740 3704 sub
766 3631 1015 3705 Pirckheimeri
1048 3631 1190 3704 nomine
1223 3629 1358 3707 laudari

378 3750 476 3840 solet,
502 3768 541 3823 ut
558 3770 677 3822 monet
689 3753 723 3846 J.
740 3751 798 3824 Fr.
813 3749 1026 3839 Gronovius,
1055 3750 1099 3823 ad
1116 3753 1236 3823 Germ.
1248 3775 1280 3822 c.
1301 3775 1356 3825 11.

379 3873 437 3946 De
454 3869 543 3943 libro
558 3871 801 3966 Bambergenst
818 3868 917 3966 supra
938 3893 958 3940 e
974 3867 1093 3942 Modii
1116 3867 1261 3966 epistola
1280 3870 1355 3943 dic·

380 4009 458 4070 tum
474 3987 541 4073 est:
562 3993 594 4064 δι
611 3985 690 4084 de†
707 3987 887 4070 Turicensr
899 3987 987 4069 infra
1001 3987 1147 4068 dicetur.
1178 3989 1356 4090 Agricola
