3259 5284
370 633 446 709 xxii

369 806 432 880 vit.
481 806 526 881 Iis
543 806 681 905 Lipsius
698 833 768 882 non
787 806 1007 883 mediocriter
1023 805 1168 906 profecit
1178 808 1216 884 in
1233 809 1347 909 poste⁴

370 925 520 1001 rioribus
534 926 602 1000 suis
618 927 843 1020 editionibus,
872 948 911 1003 ut
926 926 1139 1003 nitescerent.

418 1047 588 1122 Matthias
608 1043 906 1138 Bnnuuoonnvs,
935 1051 1144 1139 Germanus,
1171 1046 1284 1146 magis
1302 1049 1349 1122 ad

371 1165 568 1255 utilitatem,
602 1167 709 1264 quim
726 1169 770 1241 ad
793 1165 1028 1265 splendorem,
1059 1168 1210 1241 fineullt
1231 1187 1350 1240 tamen

372 1285 457 1359 Mrs.
475 1283 647 1358 librorum
665 1311 745 1383 ope,
769 1288 886 1362 Taciti
911 1288 1099 1361 editionem
1120 1305 1350 1361 accuraverat.

375 1405 432 1476 Eo
458 1401 640 1494 defundio,
677 1431 784 1503 gener
809 1404 883 1504 ejus
906 1410 1060 1503 Joannes
1083 1405 1350 1493 Freinssremius,

373 1521 431 1594 vir
446 1521 482 1594 in
499 1523 678 1619 republicb
694 1524 841 1598 literaria
856 1526 1061 1617 notissimus,
1088 1551 1167 1600 eam
1182 1550 1254 1598 non
1272 1549 1350 1621 per·

375 1641 501 1738 petuis,
525 1640 583 1714 sed
600 1641 728 1716 selectis
753 1645 844 1719 notis
869 1647 1131 1743 locupletatam,
1157 1649 1191 1718 &
1216 1642 1350 1717 aMel·

375 1761 494 1836 chiore
510 1760 746 1836 Freinllremio
773 1765 1021 1839 communibus
1043 1791 1126 1838 cum
1153 1764 1256 1837 fratre
1281 1761 1351 1834 stu·

376 1881 443 1954 diis
468 1879 608 1978 copioso
633 1881 749 1956 indice
777 1882 988 1974 instructam,
1007 1881 1095 1981 juris
1119 1880 1250 1981 publici
1270 1877 1352 1954 fecit

378 1999 601 2098 Argentorati
620 2027 712 2075 anno
730 2025 988 2076 Mucxxxvrtr.

425 2122 579 2215 Joannes
595 2121 797 2194 Fredericus
820 2124 1071 2211 Gnouovrus,
1084 2124 1245 2210 Batavus,
1270 2126 1352 2196 Ber·

374 2239 623 2336 neggerianam
643 2239 845 2329 editionem,
872 2241 941 2313 levi
964 2239 1022 2314 sub
1037 2243 1156 2337 operb,
1184 2241 1244 2314 sed
1270 2242 1351 2315 niti·
1381 2329 1385 2334 ,

377 2358 474 2432 diore
492 2359 622 2446 chatti,
646 2359 915 2456 elegantioribus
931 2360 1035 2456 typis,
1068 2385 1152 2432 cum
1171 2359 1238 2433 suis
1254 2359 1354 2434 vari-

378 2499 550 2573 orumque
567 2474 659 2548 notis
677 2481 710 2549 δι
728 2477 937 2573 quibusdam
955 2477 1164 2551 variantibus
1186 2467 1262 2552 Ms.¹
1276 2482 1353 2553 Ox-

378 2594 522 2669 oniensrs
537 2593 740 2668 ledlionibus
757 2595 792 2667 in
809 2597 923 2693 operis
941 2599 1035 2671 calce
1051 2595 1238 2697 subjundlis
1254 2600 1356 2697 Lug·

378 2713 465 2790 duni
481 2716 690 2798 Batavorum
707 2713 904 2791 absolvebat
920 2742 1013 2789 anno
1029 2741 1250 2808 mncnxxn,
1273 2717 1357 2792 cirtn

379 2833 524 2908 vivendi
552 2836 659 2908 finem
693 2830 786 2908 fecit.
838 2835 974 2909 Eadem
1008 2835 1117 2909 editio
1146 2836 1220 2933 pari
1246 2835 1357 2911 nitore

378 2953 505 3034 iterum
522 2953 650 3051 prodiit
667 2953 922 3028 Amstelodami
942 2980 1035 3029 anno
1051 2980 1284 3032 mncnxxxv.
1340 2985 1345 2996 ·

429 3074 587 3170 Julianus
610 3073 782 3163 Prcrtov,
807 3075 943 3163 Gallus,
977 3076 1023 3147 ad
1044 3073 1174 3172 majora
1199 3093 1357 3163 vocatus,

381 3193 444 3266 vix
457 3192 552 3292 paria
576 3189 756 3288 prestitit:
783 3193 880 3264 nulld
904 3192 1061 3267 adhibite
1081 3195 1166 3268 Mff.
1193 3192 1359 3267 codicum

384 3330 614 3406 veterumque
646 3309 818 3383 librorum
860 3311 1058 3403 collatione,
1102 3311 1269 3412 grandem
1307 3331 1360 3384 ta-

384 3455 480 3520 men,
506 3427 565 3504 sed
581 3427 752 3527 indigesti
768 3430 863 3502 mole
878 3430 1074 3528 gravidam,
1099 3430 1290 3506 editionem
1314 3430 1363 3504 ad

383 3549 486 3623 usum
498 3545 713 3624 ‚Serenissimi
730 3548 898 3645 Delphini
918 3549 1052 3625 Parisiis
1071 3549 1251 3648 apparavit
1266 3573 1360 3622 anno

385 3693 629 3742 uncnxxxrr.
679 3661 813 3743 Recusa
829 3667 879 3741 est
895 3669 1048 3742 Veneriis
1064 3695 1156 3743 anno
1178 3692 1362 3742 unccvrr.

433 3787 613 3864 Theodoti
637 3791 813 3876 vartrr,
846 3788 982 3879 Batavi,
1006 3789 1176 3878 breviora,
1204 3789 1262 3862 sed
1287 3814 1362 3862 me·

385 3907 472 3982 liora
484 3905 689 4004 utilioraque
705 3905 740 3978 in
752 3907 917 3981 Tacitum
934 3909 1055 3982 studia.
1083 3909 1247 3982 Prodiere
1260 3909 1361 4006 Lug·

385 4028 472 4104 duni
502 4029 712 4102 Batavorum
744 4051 837 4106 anno
877 4051 1141 4109 uncsxxxvtr.
1191 4027 1361 4118 Nitidibs,
