<?xml version="1.0" encoding="UTF-8"?>
<!DOCTYPE html PUBLIC "-//W3C//DTD XHTML 1.0 Transitional//EN"
    "http://www.w3.org/TR/xhtml1/DTD/xhtml1-transitional.dtd">
<html xmlns="http://www.w3.org/1999/xhtml" xml:lang="en" lang="en">
 <head>
  <title>
</title>
<meta http-equiv="Content-Type" content="text/html;charset=utf-8" />
  <meta name='ocr-system' content='tesseract 3.04.00' />
  <meta name='ocr-capabilities' content='ocr_page ocr_carea ocr_par ocr_line ocrx_word'/>
</head>
<body>
  <div class='ocr_page' id='page_1' title='image "./ccorneliitaciti04freigoog_0291.png"; bbox 0 0 3259 5284; ppageno 0'>
   <div class='ocr_carea' id='block_1_1' title="bbox 497 553 1308 652">
    <p class='ocr_par' dir='ltr' id='par_1_1' title="bbox 497 553 1308 652">
     <span class='ocr_line' id='line_1_1' title="bbox 497 553 1308 652; baseline -0.005 -22"><span class='ocrx_word' id='word_1_1' title='bbox 497 562 789 631; x_wconf 78' lang='lat' dir='ltr'>Auunnrun</span> <span class='ocrx_word' id='word_1_2' title='bbox 831 554 939 626; x_wconf 81' lang='lat' dir='ltr'>Lra.</span> <span class='ocrx_word' id='word_1_3' title='bbox 980 553 1043 626; x_wconf 83' lang='lat' dir='ltr'>IV.</span> <span class='ocrx_word' id='word_1_4' title='bbox 1181 578 1250 652; x_wconf 84' lang='lat'>233</span> <span class='ocrx_word' id='word_1_5' title='bbox 1304 635 1308 639; x_wconf 16' lang='lat'>⁵</span> 
     </span>
    </p>
   </div>
   <div class='ocr_carea' id='block_1_2' title="bbox 284 722 1259 4037">
    <p class='ocr_par' dir='ltr' id='par_1_2' title="bbox 284 722 1259 4037">
     <span class='ocr_line' id='line_1_2' title="bbox 285 722 1253 822; baseline -0.006 -19"><span class='ocrx_word' id='word_1_6' title='bbox 285 726 317 777; x_wconf 60' lang='lat'>³¹</span> <span class='ocrx_word' id='word_1_7' title='bbox 334 731 424 822; x_wconf 89' lang='lat' dir='ltr'>tas,’&#39;</span> <span class='ocrx_word' id='word_1_8' title='bbox 449 731 538 804; x_wconf 86' lang='lat' dir='ltr'>testis</span> <span class='ocrx_word' id='word_1_9' title='bbox 569 730 747 820; x_wconf 88' lang='lat' dir='ltr'>AEmilius,</span> <span class='ocrx_word' id='word_1_10' title='bbox 774 754 794 801; x_wconf 92' lang='lat' dir='ltr'>e</span> <span class='ocrx_word' id='word_1_11' title='bbox 821 727 1022 801; x_wconf 91' lang='lat' dir='ltr'>militaribus</span> <span class='ocrx_word' id='word_1_12' title='bbox 1046 722 1139 814; x_wconf 82' lang='lat' dir='ltr'>vitis,</span> <span class='ocrx_word' id='word_1_13' title='bbox 1164 726 1253 799; x_wconf 83' lang='lat' dir='ltr'>dunt</span> 
     </span>
     <span class='ocr_line' id='line_1_3' title="bbox 288 843 1254 945; baseline -0.007 -22"><span class='ocrx_word' id='word_1_14' title='bbox 288 850 400 923; x_wconf 92' lang='lat' dir='ltr'>studio</span> <span class='ocrx_word' id='word_1_15' title='bbox 417 850 587 945; x_wconf 91' lang='lat' dir='ltr'>probandi</span> <span class='ocrx_word' id='word_1_16' title='bbox 609 851 735 923; x_wconf 75' lang='lat' dir='ltr'>cuncta</span> <span class='ocrx_word' id='word_1_17' title='bbox 757 845 872 937; x_wconf 87' lang='lat' dir='ltr'>refert,</span> <span class='ocrx_word' id='word_1_18' title='bbox 900 852 933 920; x_wconf 75' lang='grc' dir='ltr'>δι</span> <span class='ocrx_word' id='word_1_19' title='bbox 964 869 1178 942; x_wconf 85' lang='lat' dir='ltr'>quamquam</span> <span class='ocrx_word' id='word_1_20' title='bbox 1202 843 1254 916; x_wconf 55' lang='lat' dir='ltr'>ine</span> 
     </span>
     <span class='ocr_line' id='line_1_4' title="bbox 288 961 1255 1065; baseline -0.004 -26"><span class='ocrx_word' id='word_1_21' title='bbox 288 987 341 1040; x_wconf 90' lang='lat' dir='ltr'>ter</span> <span class='ocrx_word' id='word_1_22' title='bbox 357 968 589 1064; x_wconf 86' lang='lat' dir='ltr'>obstrepentes</span> <span class='ocrx_word' id='word_1_23' title='bbox 614 970 742 1065; x_wconf 70' lang='lat' dir='ltr'>magna</span> <span class='ocrx_word' id='word_1_24' title='bbox 762 963 1016 1040; x_wconf 86' lang='lat' dir='ltr'>adseveratione</span> <span class='ocrx_word' id='word_1_25' title='bbox 1036 961 1169 1051; x_wconf 92' lang='lat' dir='ltr'>nititur,</span> <span class='ocrx_word' id='word_1_26' title='bbox 1194 988 1255 1035; x_wconf 66' lang='lat' dir='ltr'>aub</span> 
     </span>
     <span class='ocr_line' id='line_1_5' title="bbox 287 1082 1254 1184; baseline -0.003 -27"><span class='ocrx_word' id='word_1_27' title='bbox 287 1085 378 1158; x_wconf 90' lang='lat' dir='ltr'>divit</span> <span class='ocrx_word' id='word_1_28' title='bbox 392 1086 553 1161; x_wconf 89' lang='lat' dir='ltr'>Tiberius</span> <span class='ocrx_word' id='word_1_29' title='bbox 576 1089 716 1184; x_wconf 91' lang='lat' dir='ltr'>probra,</span> <span class='ocrx_word' id='word_1_30' title='bbox 743 1085 822 1181; x_wconf 77' lang='lat' dir='ltr'>quis</span> <span class='ocrx_word' id='word_1_31' title='bbox 849 1108 909 1181; x_wconf 93' lang='lat' dir='ltr'>per</span> <span class='ocrx_word' id='word_1_32' title='bbox 929 1084 1105 1155; x_wconf 90' lang='lat' dir='ltr'>occultum</span> <span class='ocrx_word' id='word_1_33' title='bbox 1128 1082 1254 1154; x_wconf 88' lang='lat' dir='ltr'>lacera·</span> 
     </span>
     <span class='ocr_line' id='line_1_6' title="bbox 288 1198 1252 1302; baseline -0.005 -25"><span class='ocrx_word' id='word_1_34' title='bbox 288 1206 407 1278; x_wconf 89' lang='lat' dir='ltr'>batur:</span> <span class='ocrx_word' id='word_1_35' title='bbox 435 1206 591 1302; x_wconf 82' lang='lat' dir='ltr'>adeoque</span> <span class='ocrx_word' id='word_1_36' title='bbox 613 1202 784 1301; x_wconf 90' lang='lat' dir='ltr'>perculsus</span> <span class='ocrx_word' id='word_1_37' title='bbox 806 1202 869 1292; x_wconf 88' lang='lat' dir='ltr'>est,</span> <span class='ocrx_word' id='word_1_38' title='bbox 895 1222 934 1273; x_wconf 91' lang='lat' dir='ltr'>ut</span> <span class='ocrx_word' id='word_1_39' title='bbox 952 1209 978 1243; x_wconf 88' lang='lat'><strong>“</strong></span> <span class='ocrx_word' id='word_1_40' title='bbox 996 1198 1028 1271; x_wconf 92' lang='lat' dir='ltr'>se</span> <span class='ocrx_word' id='word_1_41' title='bbox 1051 1202 1108 1271; x_wconf 87' lang='lat' dir='ltr'>vel</span> <span class='ocrx_word' id='word_1_42' title='bbox 1125 1199 1252 1290; x_wconf 90' lang='lat' dir='ltr'>statim,</span> 
     </span>
     <span class='ocr_line' id='line_1_7' title="bbox 290 1318 1255 1422; baseline -0.005 -26"><span class='ocrx_word' id='word_1_43' title='bbox 290 1328 318 1366; x_wconf 82' lang='lat'>‘⁶</span> <span class='ocrx_word' id='word_1_44' title='bbox 337 1326 392 1397; x_wconf 89' lang='lat' dir='ltr'>vel</span> <span class='ocrx_word' id='word_1_45' title='bbox 409 1325 445 1396; x_wconf 94' lang='lat' dir='ltr'>in</span> <span class='ocrx_word' id='word_1_46' title='bbox 457 1324 655 1422; x_wconf 85' lang='lat' dir='ltr'>cognitione</span> <span class='ocrx_word' id='word_1_47' title='bbox 671 1321 925 1419; x_wconf 85' lang='lat' dir='ltr'>purgaturom&#39;’</span> <span class='ocrx_word' id='word_1_48' title='bbox 942 1318 1129 1391; x_wconf 83' lang='lat' dir='ltr'><strong>clamitaret</strong></span> <span class='ocrx_word' id='word_1_49' title='bbox 1139 1346 1150 1402; x_wconf 91' lang='lat'>;</span> <span class='ocrx_word' id='word_1_50' title='bbox 1178 1344 1255 1415; x_wconf 90' lang='lat' dir='ltr'>pre-</span> 
     </span>
     <span class='ocr_line' id='line_1_8' title="bbox 287 1435 1258 1541; baseline -0.009 -24"><span class='ocrx_word' id='word_1_51' title='bbox 287 1441 454 1541; x_wconf 81' lang='lat' dir='ltr'>cibusque</span> <span class='ocrx_word' id='word_1_52' title='bbox 471 1444 728 1540; x_wconf 88' lang='lat' dir='ltr'>proximorum‚</span> <span class='ocrx_word' id='word_1_53' title='bbox 755 1438 952 1513; x_wconf 83' lang='lat' dir='ltr'>adulatione</span> <span class='ocrx_word' id='word_1_54' title='bbox 967 1435 1142 1527; x_wconf 89' lang='lat' dir='ltr'>omnium,</span> <span class='ocrx_word' id='word_1_55' title='bbox 1167 1462 1258 1534; x_wconf 83' lang='lat' dir='ltr'>aegre</span> 
     </span>
     <span class='ocr_line' id='line_1_9' title="bbox 288 1554 1255 1659; baseline -0.007 -23"><span class='ocrx_word' id='word_1_56' title='bbox 288 1583 516 1659; x_wconf 88' lang='lat' dir='ltr'>componeret</span> <span class='ocrx_word' id='word_1_57' title='bbox 532 1561 699 1635; x_wconf 89' lang='lat' dir='ltr'>animum.</span> <span class='ocrx_word' id='word_1_58' title='bbox 751 1562 797 1631; x_wconf 89' lang='lat' dir='ltr'>Et</span> <span class='ocrx_word' id='word_1_59' title='bbox 821 1556 989 1630; x_wconf 85' lang='lat' dir='ltr'>Votienus</span> <span class='ocrx_word' id='word_1_60' title='bbox 1012 1554 1155 1653; x_wconf 91' lang='lat' dir='ltr'>quidem</span> <span class='ocrx_word' id='word_1_61' title='bbox 1181 1581 1255 1629; x_wconf 85' lang='lat' dir='ltr'>ma-</span> 
     </span>
     <span class='ocr_line' id='line_1_10' title="bbox 284 1670 1258 1777; baseline -0.004 -24"><span class='ocrx_word' id='word_1_62' title='bbox 284 1678 414 1777; x_wconf 88' lang='lat' dir='ltr'>jestatis</span> <span class='ocrx_word' id='word_1_63' title='bbox 436 1680 548 1775; x_wconf 91' lang='lat' dir='ltr'>poenis</span> <span class='ocrx_word' id='word_1_64' title='bbox 577 1678 731 1751; x_wconf 73' lang='lat' dir='ltr'>adfectus</span> <span class='ocrx_word' id='word_1_65' title='bbox 754 1677 814 1749; x_wconf 89' lang='lat' dir='ltr'>est.</span> <span class='ocrx_word' id='word_1_66' title='bbox 865 1674 976 1749; x_wconf 84' lang='lat' dir='ltr'>Caesar</span> <span class='ocrx_word' id='word_1_67' title='bbox 998 1670 1169 1769; x_wconf 65' lang='lat' dir='ltr'>objectam</span> <span class='ocrx_word' id='word_1_68' title='bbox 1196 1676 1258 1749; x_wconf 86' lang='lat' dir='ltr'>fibi</span> 
     </span>
     <span class='ocr_line' id='line_1_11' title="bbox 289 1792 1256 1890; baseline -0.004 -19"><span class='ocrx_word' id='word_1_69' title='bbox 289 1798 453 1871; x_wconf 77' lang='lat' dir='ltr'>adversus</span> <span class='ocrx_word' id='word_1_70' title='bbox 475 1822 550 1870; x_wconf 90' lang='lat' dir='ltr'>reos</span> <span class='ocrx_word' id='word_1_71' title='bbox 586 1794 841 1869; x_wconf 86' lang='lat' dir='ltr'>inclementiam</span> <span class='ocrx_word' id='word_1_72' title='bbox 871 1793 914 1866; x_wconf 78' lang='lat' dir='ltr'>eb</span> <span class='ocrx_word' id='word_1_73' title='bbox 941 1792 1154 1890; x_wconf 78' lang='lat' dir='ltr'>pervicacius</span> <span class='ocrx_word' id='word_1_74' title='bbox 1182 1820 1256 1867; x_wconf 92' lang='lat' dir='ltr'>am-</span> 
     </span>
     <span class='ocr_line' id='line_1_12' title="bbox 290 1912 1259 2012; baseline 0.001 -25"><span class='ocrx_word' id='word_1_75' title='bbox 290 1917 428 2012; x_wconf 86' lang='lat' dir='ltr'>plexus,</span> <span class='ocrx_word' id='word_1_76' title='bbox 455 1914 648 2011; x_wconf 82' lang='lat' dir='ltr'>Aquiliam,</span> <span class='ocrx_word' id='word_1_77' title='bbox 673 1912 829 1987; x_wconf 90' lang='lat' dir='ltr'>adulterii</span> <span class='ocrx_word' id='word_1_78' title='bbox 851 1912 1015 2001; x_wconf 84' lang='lat' dir='ltr'>delatam,</span> <span class='ocrx_word' id='word_1_79' title='bbox 1042 1938 1124 1985; x_wconf 89' lang='lat' dir='ltr'>cum</span> <span class='ocrx_word' id='word_1_80' title='bbox 1155 1915 1259 1989; x_wconf 89' lang='lat' dir='ltr'>Vario</span> 
     </span>
     <span class='ocr_line' id='line_1_13' title="bbox 289 2031 1258 2132; baseline 0.001 -25"><span class='ocrx_word' id='word_1_81' title='bbox 289 2033 437 2132; x_wconf 86' lang='lat' dir='ltr'>Ligure,</span> <span class='ocrx_word' id='word_1_82' title='bbox 464 2058 676 2132; x_wconf 85' lang='lat' dir='ltr'>quamquam</span> <span class='ocrx_word' id='word_1_83' title='bbox 703 2032 875 2105; x_wconf 89' lang='lat' dir='ltr'>Lentulus</span> <span class='ocrx_word' id='word_1_84' title='bbox 901 2031 1108 2122; x_wconf 83' lang='lat' dir='ltr'>Gaetulicus,</span> <span class='ocrx_word' id='word_1_85' title='bbox 1140 2034 1258 2108; x_wconf 91' lang='lat' dir='ltr'>consul</span> 
     </span>
     <span class='ocr_line' id='line_1_14' title="bbox 287 2149 1254 2251; baseline 0.001 -26"><span class='ocrx_word' id='word_1_86' title='bbox 287 2154 500 2251; x_wconf 73' lang='lat' dir='ltr'>designatus,</span> <span class='ocrx_word' id='word_1_87' title='bbox 526 2154 604 2249; x_wconf 85' lang='lat' dir='ltr'>lege</span> <span class='ocrx_word' id='word_1_88' title='bbox 620 2150 712 2247; x_wconf 73' lang='lat' dir='ltr'>Julia</span> <span class='ocrx_word' id='word_1_89' title='bbox 732 2150 935 2238; x_wconf 70' lang='lat' dir='ltr'>damnasset,</span> <span class='ocrx_word' id='word_1_90' title='bbox 960 2149 1079 2223; x_wconf 72' lang='lat' dir='ltr'>exsilio</span> <span class='ocrx_word' id='word_1_91' title='bbox 1095 2153 1254 2247; x_wconf 84' lang='lat' dir='ltr'>punivit:</span> 
     </span>
     <span class='ocr_line' id='line_1_15' title="bbox 290 2267 1257 2369; baseline 0.001 -24"><span class='ocrx_word' id='word_1_92' title='bbox 290 2271 533 2369; x_wconf 87' lang='lat' dir='ltr'>Apidiumque</span> <span class='ocrx_word' id='word_1_93' title='bbox 558 2272 748 2360; x_wconf 84' lang='lat' dir='ltr'>Merulam,</span> <span class='ocrx_word' id='word_1_94' title='bbox 775 2274 803 2310; x_wconf 92' lang='lat'><strong>“</strong></span> <span class='ocrx_word' id='word_1_95' title='bbox 821 2268 917 2364; x_wconf 79' lang='lat' dir='ltr'>quod</span> <span class='ocrx_word' id='word_1_96' title='bbox 942 2267 978 2341; x_wconf 93' lang='lat' dir='ltr'>in</span> <span class='ocrx_word' id='word_1_97' title='bbox 999 2271 1075 2341; x_wconf 71' lang='lat' dir='ltr'>ada</span> <span class='ocrx_word' id='word_1_98' title='bbox 1089 2270 1164 2344; x_wconf 88' lang='lat' dir='ltr'>divi</span> <span class='ocrx_word' id='word_1_99' title='bbox 1181 2277 1257 2346; x_wconf 84' lang='lat' dir='ltr'>Au-</span> 
     </span>
     <span class='ocr_line' id='line_1_16' title="bbox 290 2386 1152 2488; baseline -0.001 -25"><span class='ocrx_word' id='word_1_100' title='bbox 290 2398 319 2433; x_wconf 91' lang='lat'><strong>“</strong></span> <span class='ocrx_word' id='word_1_101' title='bbox 338 2390 429 2488; x_wconf 81' lang='lat' dir='ltr'>gusti</span> <span class='ocrx_word' id='word_1_102' title='bbox 445 2386 738 2487; x_wconf 88' lang='lat' dir='ltr'>nonjuraverat,&#39;&#39;</span> <span class='ocrx_word' id='word_1_103' title='bbox 763 2390 844 2461; x_wconf 90' lang='lat' dir='ltr'>albo</span> <span class='ocrx_word' id='word_1_104' title='bbox 860 2386 1024 2461; x_wconf 87' lang='lat' dir='ltr'>senatorio</span> <span class='ocrx_word' id='word_1_105' title='bbox 1045 2394 1152 2462; x_wconf 77' lang='lat' dir='ltr'>erasit.</span> 
     </span>
     <span class='ocr_line' id='line_1_17' title="bbox 337 2507 1257 2585; baseline 0.004 -4"><span class='ocrx_word' id='word_1_106' title='bbox 337 2510 470 2582; x_wconf 90' lang='lat' dir='ltr'><strong>XLIII.</strong></span> <span class='ocrx_word' id='word_1_107' title='bbox 497 2514 670 2581; x_wconf 73' lang='lat' dir='ltr'>Aunmrn</span> <span class='ocrx_word' id='word_1_108' title='bbox 697 2507 824 2580; x_wconf 91' lang='lat' dir='ltr'>dehinc</span> <span class='ocrx_word' id='word_1_109' title='bbox 850 2508 1257 2585; x_wconf 84' lang='lat' dir='ltr'>Lacedaemoniorum&amp;</span> 
     </span>
     <span class='ocr_line' id='line_1_18' title="bbox 289 2624 1257 2724; baseline 0.003 -24"><span class='ocrx_word' id='word_1_110' title='bbox 289 2626 540 2700; x_wconf 82' lang='lat' dir='ltr'>Melleniorum</span> <span class='ocrx_word' id='word_1_111' title='bbox 575 2625 785 2724; x_wconf 86' lang='lat' dir='ltr'>legationes;</span> <span class='ocrx_word' id='word_1_112' title='bbox 810 2626 856 2697; x_wconf 90' lang='lat' dir='ltr'>de</span> <span class='ocrx_word' id='word_1_113' title='bbox 880 2624 959 2721; x_wconf 88' lang='lat' dir='ltr'>jure</span> <span class='ocrx_word' id='word_1_114' title='bbox 985 2626 1107 2722; x_wconf 90' lang='lat' dir='ltr'>templi</span> <span class='ocrx_word' id='word_1_115' title='bbox 1134 2628 1257 2703; x_wconf 86' lang='lat' dir='ltr'>Dianae</span> 
     </span>
     <span class='ocr_line' id='line_1_19' title="bbox 288 2742 1257 2842; baseline 0.001 -25"><span class='ocrx_word' id='word_1_116' title='bbox 288 2743 511 2833; x_wconf 60' lang='lat' dir='ltr'>Limnatidia</span> <span class='ocrx_word' id='word_1_117' title='bbox 539 2750 566 2787; x_wconf 91' lang='lat'><strong>“</strong></span> <span class='ocrx_word' id='word_1_118' title='bbox 585 2745 682 2841; x_wconf 93' lang='lat' dir='ltr'>quod</span> <span class='ocrx_word' id='word_1_119' title='bbox 701 2742 766 2815; x_wconf 88' lang='lat' dir='ltr'>suis</span> <span class='ocrx_word' id='word_1_120' title='bbox 798 2768 820 2815; x_wconf 86' lang='lat' dir='ltr'>a</span> <span class='ocrx_word' id='word_1_121' title='bbox 847 2742 1044 2841; x_wconf 87' lang='lat' dir='ltr'>majoribus,</span> <span class='ocrx_word' id='word_1_122' title='bbox 1070 2742 1196 2842; x_wconf 68' lang='lat' dir='ltr'>suaque</span> <span class='ocrx_word' id='word_1_123' title='bbox 1219 2746 1257 2819; x_wconf 86' lang='lat' dir='ltr'>in</span> 
     </span>
     <span class='ocr_line' id='line_1_20' title="bbox 290 2861 1257 2955; baseline 0.004 -21"><span class='ocrx_word' id='word_1_124' title='bbox 290 2871 318 2906; x_wconf 89' lang='lat'><strong>“</strong></span> <span class='ocrx_word' id='word_1_125' title='bbox 336 2866 422 2937; x_wconf 66' lang='lat' dir='ltr'>tend</span> <span class='ocrx_word' id='word_1_126' title='bbox 438 2863 634 2955; x_wconf 85' lang='lat' dir='ltr'>dicatum‚’&#39;</span> <span class='ocrx_word' id='word_1_127' title='bbox 659 2861 919 2935; x_wconf 84' lang='lat' dir='ltr'>Lacedaemonii</span> <span class='ocrx_word' id='word_1_128' title='bbox 942 2864 1127 2934; x_wconf 87' lang='lat' dir='ltr'>firmabant</span> <span class='ocrx_word' id='word_1_129' title='bbox 1151 2890 1257 2939; x_wconf 91' lang='lat' dir='ltr'>anna-</span> 
     </span>
     <span class='ocr_line' id='line_1_21' title="bbox 288 2980 1256 3078; baseline 0.002 -25"><span class='ocrx_word' id='word_1_130' title='bbox 288 2981 375 3054; x_wconf 92' lang='lat' dir='ltr'>lium</span> <span class='ocrx_word' id='word_1_131' title='bbox 391 2981 569 3071; x_wconf 71' lang='lat' dir='ltr'>memorifi,</span> <span class='ocrx_word' id='word_1_132' title='bbox 596 3001 787 3078; x_wconf 89' lang='lat' dir='ltr'>vatumque</span> <span class='ocrx_word' id='word_1_133' title='bbox 804 2980 1031 3054; x_wconf 82' lang='lat' dir='ltr'>carminibus:</span> <span class='ocrx_word' id='word_1_134' title='bbox 1060 2980 1158 3053; x_wconf 89' lang='lat' dir='ltr'>“sed</span> <span class='ocrx_word' id='word_1_135' title='bbox 1174 2984 1256 3055; x_wconf 90' lang='lat' dir='ltr'>Ma·</span> 
     </span>
     <span class='ocr_line' id='line_1_22' title="bbox 289 3100 1257 3197; baseline 0.001 -23"><span class='ocrx_word' id='word_1_136' title='bbox 289 3106 317 3144; x_wconf 81' lang='lat'>‘⁴</span> <span class='ocrx_word' id='word_1_137' title='bbox 334 3100 473 3174; x_wconf 88' lang='lat' dir='ltr'>cedonis</span> <span class='ocrx_word' id='word_1_138' title='bbox 499 3100 666 3197; x_wconf 91' lang='lat' dir='ltr'>Philippi,</span> <span class='ocrx_word' id='word_1_139' title='bbox 692 3126 775 3173; x_wconf 90' lang='lat' dir='ltr'>cum</span> <span class='ocrx_word' id='word_1_140' title='bbox 792 3126 863 3197; x_wconf 92' lang='lat' dir='ltr'>quo</span> <span class='ocrx_word' id='word_1_141' title='bbox 885 3101 1075 3190; x_wconf 85' lang='lat' dir='ltr'>bellaffent,</span> <span class='ocrx_word' id='word_1_142' title='bbox 1100 3100 1205 3172; x_wconf 90' lang='lat' dir='ltr'>armis</span> <span class='ocrx_word' id='word_1_143' title='bbox 1220 3127 1257 3175; x_wconf 87' lang='lat' dir='ltr'>a·</span> 
     </span>
     <span class='ocr_line' id='line_1_23' title="bbox 289 3216 1258 3316; baseline 0.004 -25"><span class='ocrx_word' id='word_1_144' title='bbox 289 3224 317 3265; x_wconf 88' lang='lat'>“-</span> <span class='ocrx_word' id='word_1_145' title='bbox 334 3219 533 3316; x_wconf 86' lang='lat' dir='ltr'>demptum,</span> <span class='ocrx_word' id='word_1_146' title='bbox 565 3245 604 3291; x_wconf 92' lang='lat' dir='ltr'>ac</span> <span class='ocrx_word' id='word_1_147' title='bbox 629 3218 704 3315; x_wconf 78' lang='lat' dir='ltr'>post</span> <span class='ocrx_word' id='word_1_148' title='bbox 732 3221 774 3293; x_wconf 90' lang='lat' dir='ltr'>C.</span> <span class='ocrx_word' id='word_1_149' title='bbox 802 3216 940 3291; x_wconf 86' lang='lat' dir='ltr'>Caesaris</span> <span class='ocrx_word' id='word_1_150' title='bbox 966 3222 999 3291; x_wconf 76' lang='grc' dir='ltr'>δι</span> <span class='ocrx_word' id='word_1_151' title='bbox 1025 3220 1082 3291; x_wconf 89' lang='grc' dir='ltr'>Μ.</span> <span class='ocrx_word' id='word_1_152' title='bbox 1110 3222 1258 3296; x_wconf 86' lang='lat' dir='ltr'>Antonii</span> 
     </span>
     <span class='ocr_line' id='line_1_24' title="bbox 288 3336 1257 3429; baseline 0.001 -17"><span class='ocrx_word' id='word_1_153' title='bbox 288 3336 498 3412; x_wconf 75' lang='lat' dir='ltr'>“sententia</span> <span class='ocrx_word' id='word_1_154' title='bbox 525 3337 733 3411; x_wconf 88' lang='lat' dir='ltr'>redditum.&#39;&#39;</span> <span class='ocrx_word' id='word_1_155' title='bbox 781 3337 913 3409; x_wconf 73' lang='lat' dir='ltr'>Contra</span> <span class='ocrx_word' id='word_1_156' title='bbox 939 3336 1113 3429; x_wconf 84' lang='lat' dir='ltr'>Meffenii,</span> <span class='ocrx_word' id='word_1_157' title='bbox 1150 3346 1178 3381; x_wconf 90' lang='lat'><strong><em>“</em></strong></span> <span class='ocrx_word' id='word_1_158' title='bbox 1196 3366 1257 3413; x_wconf 87' lang='lat' dir='ltr'>ve·</span> 
     </span>
     <span class='ocr_line' id='line_1_25' title="bbox 289 3453 1257 3551; baseline 0.002 -22"><span class='ocrx_word' id='word_1_159' title='bbox 289 3463 317 3501; x_wconf 88' lang='lat'><strong><em>“</em></strong></span> <span class='ocrx_word' id='word_1_160' title='bbox 334 3476 442 3530; x_wconf 87' lang='lat' dir='ltr'>terem</span> <span class='ocrx_word' id='word_1_161' title='bbox 465 3456 554 3529; x_wconf 89' lang='lat' dir='ltr'>inter</span> <span class='ocrx_word' id='word_1_162' title='bbox 571 3455 737 3529; x_wconf 88' lang='lat' dir='ltr'>Herculis</span> <span class='ocrx_word' id='word_1_163' title='bbox 756 3455 906 3551; x_wconf 90' lang='lat' dir='ltr'>posteros</span> <span class='ocrx_word' id='word_1_164' title='bbox 933 3453 1136 3528; x_wconf 74' lang='lat' dir='ltr'>divisionem</span> <span class='ocrx_word' id='word_1_165' title='bbox 1155 3459 1257 3531; x_wconf 90' lang='lat' dir='ltr'>Pelo·</span> 
     </span>
     <span class='ocr_line' id='line_1_26' title="bbox 289 3573 1258 3672; baseline 0.005 -24"><span class='ocrx_word' id='word_1_166' title='bbox 289 3580 317 3618; x_wconf 94' lang='lat'><strong>“</strong></span> <span class='ocrx_word' id='word_1_167' title='bbox 336 3576 499 3671; x_wconf 88' lang='lat' dir='ltr'>ponnefi&#39;&#39;</span> <span class='ocrx_word' id='word_1_168' title='bbox 517 3576 702 3672; x_wconf 62' lang='lat' dir='ltr'>protulere,</span> <span class='ocrx_word' id='word_1_169' title='bbox 731 3581 757 3617; x_wconf 91' lang='lat'><strong>“</strong></span> <span class='ocrx_word' id='word_1_170' title='bbox 771 3573 900 3671; x_wconf 88' lang='lat' dir='ltr'>suoque</span> <span class='ocrx_word' id='word_1_171' title='bbox 915 3573 988 3672; x_wconf 88' lang='lat' dir='ltr'>regi</span> <span class='ocrx_word' id='word_1_172' title='bbox 999 3574 1258 3653; x_wconf 88' lang='lat' dir='ltr'>Dentheliatem</span> 
     </span>
     <span class='ocr_line' id='line_1_27' title="bbox 289 3694 1256 3789; baseline 0.005 -25"><span class='ocrx_word' id='word_1_173' title='bbox 289 3698 318 3737; x_wconf 91' lang='lat'>“</span> <span class='ocrx_word' id='word_1_174' title='bbox 334 3718 474 3789; x_wconf 84' lang='lat' dir='ltr'>agrum,</span> <span class='ocrx_word' id='word_1_175' title='bbox 500 3694 536 3765; x_wconf 91' lang='lat' dir='ltr'>in</span> <span class='ocrx_word' id='word_1_176' title='bbox 563 3719 633 3789; x_wconf 93' lang='lat' dir='ltr'>quo</span> <span class='ocrx_word' id='word_1_177' title='bbox 661 3694 698 3765; x_wconf 93' lang='lat' dir='ltr'>id</span> <span class='ocrx_word' id='word_1_178' title='bbox 723 3694 926 3782; x_wconf 89' lang='lat' dir='ltr'>delubrum,</span> <span class='ocrx_word' id='word_1_179' title='bbox 961 3694 1107 3765; x_wconf 80' lang='lat' dir='ltr'>ceffisse:</span> <span class='ocrx_word' id='word_1_180' title='bbox 1142 3696 1256 3775; x_wconf 64' lang='lat' dir='ltr'>moni÷</span> 
     </span>
     <span class='ocr_line' id='line_1_28' title="bbox 288 3809 1257 3909; baseline 0.007 -27"><span class='ocrx_word' id='word_1_181' title='bbox 288 3816 317 3852; x_wconf 91' lang='lat'><strong>“</strong></span> <span class='ocrx_word' id='word_1_182' title='bbox 336 3831 520 3908; x_wconf 91' lang='lat' dir='ltr'>mentaque</span> <span class='ocrx_word' id='word_1_183' title='bbox 545 3809 616 3908; x_wconf 88' lang='lat' dir='ltr'>ejus</span> <span class='ocrx_word' id='word_1_184' title='bbox 642 3811 688 3883; x_wconf 90' lang='lat' dir='ltr'>rei</span> <span class='ocrx_word' id='word_1_185' title='bbox 715 3810 848 3909; x_wconf 86' lang='lat' dir='ltr'>sculpta</span> <span class='ocrx_word' id='word_1_186' title='bbox 873 3810 973 3900; x_wconf 83' lang='lat' dir='ltr'>saxis,</span> <span class='ocrx_word' id='word_1_187' title='bbox 1000 3814 1033 3883; x_wconf 75' lang='grc' dir='ltr'>δι</span> <span class='ocrx_word' id='word_1_188' title='bbox 1056 3836 1121 3884; x_wconf 86' lang='lat' dir='ltr'>aere</span> <span class='ocrx_word' id='word_1_189' title='bbox 1144 3812 1257 3909; x_wconf 88' lang='lat' dir='ltr'>prisco</span> 
     </span>
     <span class='ocr_line' id='line_1_29' title="bbox 287 3929 1255 4037; baseline 0.005 -36"><span class='ocrx_word' id='word_1_190' title='bbox 287 3933 317 3971; x_wconf 81' lang='lat'>¹‘</span> <span class='ocrx_word' id='word_1_191' title='bbox 334 3952 484 4003; x_wconf 87' lang='lat' dir='ltr'>manere.</span> <span class='ocrx_word' id='word_1_192' title='bbox 534 3930 641 4027; x_wconf 68' lang='lat' dir='ltr'>Quid</span> <span class='ocrx_word' id='word_1_193' title='bbox 669 3934 851 4020; x_wconf 76' lang='lat' dir='ltr'>savarum,</span> <span class='ocrx_word' id='word_1_194' title='bbox 889 3929 1065 4005; x_wconf 89' lang='lat' dir='ltr'>annalium</span> <span class='ocrx_word' id='word_1_195' title='bbox 1091 3931 1138 4005; x_wconf 90' lang='lat' dir='ltr'>ad</span> <span class='ocrx_word' id='word_1_196' title='bbox 1164 3932 1255 4037; x_wconf 88' lang='lat' dir='ltr'>testi-</span> 
     </span>
    </p>
   </div>
   <div class='ocr_carea' id='block_1_3' title="bbox 0 0 1634 5284">
    <p class='ocr_par' dir='ltr' id='par_1_3' title="bbox 0 0 1634 5284">
     <span class='ocr_line' id='line_1_30' title="bbox 0 0 1634 5284; baseline 0 1"><span class='ocrx_word' id='word_1_197' title='bbox 0 0 1634 5284; x_wconf 95' lang='lat' dir='ltr'> </span> 
     </span>
    </p>
   </div>
  </div>
 </body>
</html>
