3259 5284
381 622 447 690 ¹14
589 599 631 673 C.
663 601 933 678 Connutrt
964 605 1168 680 Tncrrr

377 771 503 863 silium,
528 773 624 871 qubd
645 776 672 849 is
693 776 803 872 prims
822 779 867 850 ab
882 777 1022 852 infantis
1047 777 1197 852 instituta
1214 781 1247 850 a
1265 777 1340 852 cdl-

377 908 454 962 tum
483 894 733 968 Armeniorum
761 897 953 986 aemulatus,
984 917 1123 986 venatu,
1152 895 1277 992 epulis,
1309 901 1343 970 δι

377 1034 455 1105 quae
482 1013 547 1084 alia
575 1014 709 1087 barbari
736 1016 924 1105 celebrant,
948 1039 1107 1111 proceres
1131 1015 1343 1111 plebemque

369 1125 473 1224 juxti
489 1131 704 1204 devinxerat.
748 1132 857 1230 Igitur
873 1131 1100 1205 Germanicus
1117 1132 1153 1204 in
1170 1135 1256 1206 urbe
1273 1139 1342 1206 Ar-

376 1251 504 1338 taxatal,
517 1251 786 1347 adprobantibus
798 1251 986 1340 nobilibus,
1002 1249 1208 1324 circumfusa
1225 1252 1342 1325 multi·

375 1365 510 1455 tudine,
524 1366 656 1465 infigne
673 1368 809 1465 regium
826 1369 930 1464 capiti
946 1365 1017 1464 ejus
1034 1367 1215 1464 imposuit:
1237 1368 1343 1442 ceteri

376 1504 576 1558 venerantes
597 1511 731 1584 regem,
755 1489 923 1558 Artaxiam
945 1484 1220 1572 consalutavsre;
1247 1490 1343 1584 quod

376 1601 426 1673 illi
453 1606 662 1678 vocabulum
690 1605 886 1678 indiderant
907 1630 951 1676 ex
975 1604 1116 1677 nomine
1138 1605 1242 1678 urbis.
1292 1611 1344 1680 At

375 1721 614 1818 Cappadoces,
632 1723 668 1796 in
683 1723 831 1796 sormam
850 1722 1033 1819 provinciae
1051 1723 1192 1813 redasli,
1211 1725 1341 1820 QVe-

377 1840 513 1914 ranium
536 1844 690 1939 legatum
714 1841 901 1936 accepsre:
928 1846 961 1913 tr
988 1841 1149 1937 quadam
1170 1865 1215 1912 ex
1238 1840 1342 1938 regiis

376 1958 510 2030 tributis
537 1960 729 2050 deminuta,
759 1957 831 2056 qud
857 1957 972 2032 mitius
1005 1962 1208 2032 Romanum
1233 1959 1344 2055 impe-

376 2075 467 2148 rium
490 2076 690 2174 speraretur.
738 2077 984 2174 Commagenis
1006 2081 1062 2174 Q
1075 2081 1230 2150 Servaeus
1252 2101 1341 2172 prae-

377 2193 530 2289 ponitur,
547 2215 624 2268 tum
640 2195 794 2291 primum
810 2197 853 2268 ad
865 2195 921 2292 jus
939 2195 1090 2291 praetoris
1106 2194 1284 2268 translatis.

424 2315 539 2385 LVII.
550 2315 801 2398 concinuos
818 2312 950 2386 socialia
965 2311 1124 2410 prospere
1140 2315 1343 2409 composita,

375 2453 448 2502 non
465 2431 544 2504 ideo
559 2432 677 2504 laetum
695 2430 943 2504 Germanicum
960 2433 1146 2521 habebant,
1163 2433 1210 2504 ob
1226 2429 1344 2528 super-

376 2548 471 2621 biam
497 2550 641 2642 Pisonis,
670 2552 731 2647 qui
749 2549 858 2648 jussus
888 2571 1019 2648 partem
1048 2551 1229 2647 legionum
1258 2549 1342 2646 ipse,

374 2687 434 2740 aut
446 2669 629 2764 persillum
640 2669 678 2740 in
690 2669 891 2743 Armeniam
903 2671 1044 2758 ducere,
1061 2689 1250 2764 utrumque
1261 2693 1346 2764 neg·

375 2790 517 2861 lexerat.
565 2787 690 2884 Cyrrbi
719 2791 865 2863 demum
892 2789 985 2885 apud
1014 2785 1159 2860 hiberna
1188 2787 1346 2860 decumae

376 2907 525 3005 legionis
553 2911 759 2998 convensre,
787 2911 924 2981 firmato
946 2909 1059 2996 vultu,
1083 2905 1161 2978 Piso
1184 2906 1347 2978 adversus

376 3046 524 3116 metum,
537 3027 764 3103 Germanicus
781 3052 825 3098 ne
837 3024 958 3098 minari
976 3027 1185 3108 crederetur;
1208 3027 1242 3094 δι
1261 3041 1345 3111 erat,

375 3165 415 3216 ut
439 3144 554 3235 retuli,
579 3144 804 3218 clementior:
834 3140 892 3215 sed
914 3141 1017 3214 amici
1041 3141 1270 3213 accendendis
1292 3140 1347 3212 os-

375 3263 584 3336 sensronibus
601 3262 732 3351 callidi,
749 3261 932 3346 ,intendere
952 3285 1047 3348 vera,
1070 3259 1233 3354 adgerere
1249 3255 1345 3346 salsa,

375 3380 558 3476 ipsumque
591 3386 625 3452 ἃ
657 3378 874 3466 Plancinam,
907 3383 940 3450 lla
974 3375 1063 3447 filios
1095 3375 1196 3447 variis
1231 3375 1345 3446 modis

375 3497 558 3572 criminari.
607 3495 786 3569 Postremb
807 3495 925 3590 paucis
946 3492 1167 3565 familiarium
1184 3491 1347 3564 adhibitis

373 3616 486 3689 sermo
501 3637 638 3713 coeptus
655 3641 676 3686 a
690 3611 835 3701 Caesare,
855 3613 992 3709 qualem
1008 3611 1057 3682 ira
1074 3615 1107 3682 ὰ
1124 3609 1345 3682 dissimulatio

376 3737 489 3836 gignit
503 3712 516 3807 :x
538 3725 736 3832 responsum
758 3758 779 3804 a
801 3730 923 3804 Pisone
949 3729 1106 3827 precibus
1130 3729 1345 3802 contumaci·

374 3860 454 3946 bus,
483 3854 765 3948 discesseruntque
788 3849 915 3946 opertis
938 3848 1050 3921 odiis:
1082 3847 1225 3944 postque
1250 3873 1346 3921 rarus

373 3977 410 4048 in
431 3972 593 4049 tribunali
616 3969 753 4045 Caesaris
772 3968 868 4057 Piso;
896 3972 930 4042 ὃ(
955 3972 977 4042 sr
999 3968 1142 4066 quando
1161 3969 1345 4058 adsideret,
