3259 5284
376 564 442 635 186
596 562 638 635 C.
677 564 921 640 Conuasrr
952 566 1130 642 Tncrrr

369 741 399 777 “
415 732 628 832 septemviris
643 740 740 811 fimul
752 740 970 813 &sodalibus
989 738 1238 839 Augustalibus
1256 740 1336 813 ede-

371 860 401 896 “
417 856 530 927 rent.’'
570 855 755 931 Censuerat
782 860 829 931 L.
866 860 1055 955 Apronius,
1096 865 1180 931 “ut
1204 858 1339 934 feciales

369 980 398 1017 “
416 1000 559 1073 quoque
584 974 625 1048 iis
643 976 731 1049 ludis
749 980 964 1075 praesrderent
978 980 1014 1051 :’'
1031 979 1241 1053 contradixit
1257 982 1335 1054 Cae-

366 1091 431 1182 sar,
456 1094 618 1167 distineto
644 1094 913 1171 sacerdotiorum
932 1098 1024 1197 jure,
1058 1104 1091 1172 δι
1109 1096 1259 1196 repetitis
1273 1124 1335 1173 ex·

367 1214 516 1311 emplis:
550 1216 832 1313 “nequeenim
863 1242 1035 1315 umquam
1064 1216 1238 1293 fetialibus
1267 1222 1336 1292 hoc

368 1341 396 1376 “
413 1332 595 1433 majestatis
611 1332 721 1408 fuisse.
738 1337 823 1409 Ideo
844 1338 1055 1433 Augustales
1071 1336 1232 1429 adjeetos,
1251 1340 1336 1435 quia

367 1454 593 1551 “proprium
637 1452 708 1552 ejru
742 1457 869 1529 dumbs
890 1454 1117 1529 sacerdotium
1151 1458 1245 1547 esset,
1271 1482 1336 1553 pro

366 1580 394 1617 “
415 1578 482 1671 qual
510 1596 592 1645 rota
620 1576 931 1670 persolverentur.'’

413 1695 530 1766 LXV.
554 1696 734 1780 Exsth
764 1692 945 1769 sententias
977 1694 1069 1767 baud
1098 1692 1236 1783 institui,
1274 1694 1334 1769 nili

364 1813 513 1911 infignes
541 1836 603 1909 per
629 1814 826 1903 honestum,
864 1832 922 1885 aut
959 1813 1102 1887 notabili
1136 1814 1330 1888 dedecore:

364 1932 462 2029 quod
479 1931 693 2029 praecipuum
719 1958 847 2006 munus
868 1932 1045 2006 annalium
1075 1958 1166 2021 reor,
1192 1957 1237 2005 ne
1262 1932 1333 2005 vir-

362 2070 452 2123 tutes
484 2051 654 2139 fileantur,
687 2073 797 2147 utque
825 2052 937 2147 pravis
968 2053 1069 2124 dietis
1097 2050 1260 2149 saslisque
1287 2078 1332 2127 ex

362 2168 554 2267 posteritate
570 2174 604 2243 δι
623 2168 764 2242 infamiis
780 2192 894 2243 metus
912 2174 960 2242 s1t.
996 2172 1159 2244 Ceterdm
1176 2192 1334 2269 tempora

362 2290 422 2362 illa
437 2286 526 2360 adeo
542 2286 682 2378 infesta,
709 2294 743 2362 δι
776 2288 973 2362 adulatione
1000 2286 1134 2362 sordida
1160 2288 1270 2381 fuere,
1294 2312 1334 2363 ut

361 2434 433 2481 non
451 2407 559 2479 modo
580 2406 750 2503 primores
766 2407 928 2497 civitatis,
943 2408 1069 2505 quibus
1086 2410 1253 2483 claritudo
1275 2410 1334 2489 sua

361 2526 533 2625 obsequiis
552 2527 767 2625 protegenda
782 2548 877 2613 erat3
903 2526 960 2599 sed
977 2552 1099 2601 omnes
1123 2527 1330 2619 consulares,

361 2672 490 2746 magna
515 2672 593 2743 pars
616 2671 751 2736 eorum,
772 2647 832 2745 qui
848 2650 995 2743 praturrl
1013 2644 1136 2735 suncti,
1162 2649 1334 2747 multique

360 2768 465 2841 etiam
482 2764 614 2865 pedarii
639 2764 808 2839 senatores
827 2766 980 2841 certatim
997 2766 1234 2865 exsurgerent,
1265 2765 1331 2840 foe-

358 2889 477 2986 daque
515 2890 549 2959 δι
578 2884 686 2958 nimia
708 2885 893 2959 censerent.
951 2886 1134 2960 Memoria
1158 2886 1330 2982 proditur,

357 3006 558 3095 Tiberium,
601 3006 761 3101 quotiens
800 3006 895 3080 curib
929 3007 1164 3105 egrederetur,
1199 3006 1330 3080 Graecis

359 3126 475 3199 verbis
498 3124 535 3197 in
560 3126 654 3197 hunc
671 3127 820 3199 modum
842 3124 957 3222 eloqui
980 3122 1132 3214 solitum,
1160 3130 1178 3194 ό
1199 3128 1331 3198 homines

358 3249 403 3317 ad
422 3246 613 3341 streitrrtem
640 3248 794 3340 paratos!
829 3244 954 3319 scilicet
987 3245 1092 3319 etiam
1117 3246 1230 3335 illum,
1268 3244 1329 3342 qui

358 3366 552 3439 libertatem
568 3363 745 3459 publicam
762 3364 885 3455 nollet,
904 3384 975 3437 tam
999 3363 1159 3462 projesta
1183 3361 1331 3437 servien-

358 3483 451 3557 tium
475 3481 647 3580 patientiae
670 3484 831 3555 taedebat.

406 3603 813 3678 LXVl.Pntrsanr1M
842 3600 982 3692 dehinc,
1012 3606 1057 3677 ab
1092 3603 1262 3677 indecoris
1284 3600 1352 3675 ad'

357 3722 477 3797 infesta
491 3718 839 3818 transgrediebantur.
888 3721 929 3793 C.
953 3720 1120 3813 Silanum,
1145 3722 1330 3819 proconsu-

357 3846 427 3917 lem
439 3844 544 3931 Asrae,
562 3841 832 3936 repetundarum
850 3867 870 3913 a
886 3840 984 3917 sociis
1002 3842 1225 3939 postulatum,
1247 3844 1329 3915 Ma·

357 3986 493 4043 mercus
509 3964 657 4036 Scaurus
682 3987 702 4034 e
726 3958 975 4052 consularibus,
990 3961 1113 4057 Junius
1125 3964 1222 4037 Otho
1240 3984 1328 4064 prae*
