3259 5284
381 650 428 748 96
573 647 1165 727 Quorsumnam

404 829 438 897 &
462 821 674 897 sermonibus
695 823 796 896 variis
819 845 958 922 tempus
980 845 1090 923 atque
1118 825 1182 898 iter
1213 824 1371 912 dueens;

402 944 515 1018 donec
540 942 743 1040 propinquis
771 936 931 1016 Pisonem
968 941 1088 1017 frustra
1121 945 1371 1036 coercentibus,

401 1062 527 1137 deferri
550 1062 710 1160 Augusta
731 1062 929 1159 pecuniam,
954 1088 1032 1160 quae
1058 1066 1249 1160 petebatur,
1269 1063 1373 1161 jube·

402 1203 465 1256 ret.
513 1179 613 1279 Isque
636 1180 714 1253 finis
735 1181 798 1273 rei,
825 1206 869 1254 ex
886 1185 954 1278 qud
971 1207 1084 1279 neque
1096 1181 1173 1255 Piso
1190 1182 1372 1280 inglorius,

402 1307 437 1375 δι
458 1300 570 1375 Caesar
593 1297 722 1397 majore
742 1298 833 1374 fami
858 1299 934 1375 fuit.
983 1303 1146 1374 Ceterum
1167 1302 1373 1404 Urgulaniae

403 1419 559 1519 potentia
570 1419 658 1492 adei>
672 1419 779 1492 nimia
789 1419 923 1494 civitati
940 1440 1024 1514 erat,
1044 1442 1083 1494 ut
1105 1420 1195 1494 testis
1216 1420 1375 1504 incanui

403 1542 557 1640 quddam
586 1566 664 1636 quae
686 1541 781 1637 apud
810 1539 965 1614 senatum
996 1543 1216 1629 tradrabatur,
1256 1529 1374 1613 uenire

400 1662 667 1760 dedignaretur:
694 1659 813 1733 miffus
839 1661 888 1733 est
924 1679 1063 1757 praetor,
1099 1659 1159 1756 qui
1190 1659 1290 1731 domi
1316 1661 1369 1732 in-

401 1801 616 1880 terrogaret;
637 1781 719 1853 crim
739 1779 891 1877 virgines
908 1778 1059 1851 Vestales
1076 1777 1112 1850 in
1129 1778 1252 1851 foro&
1275 1779 1370 1876 judi·

402 1899 458 1975 cio
491 1900 614 1991 audiri,
638 1897 799 2005 quotiens
818 1897 1054 1972 testimonium
1077 1897 1242 1988 dicerent,
1271 1920 1372 1973 vetus

401 2049 480 2095 mos
504 2019 620 2094 fuerit.

450 2143 606 2216 XXXV.
632 2144 711 2213 Rss
735 2164 778 2212 eo
801 2164 894 2210 anno
923 2137 1069 2235 prolatas
1084 2137 1176 2210 haud
1193 2135 1370 2230 referrem,

401 2261 439 2335 ni
465 2261 615 2358 pretium
643 2257 748 2348 foret,-
781 2256 848 2330 Cn.
885 2255 1028 2345 Pisonis,
1074 2259 1107 2328 bt
1144 2256 1253 2329 Afinii
1278 2258 1371 2330 Galli

402 2379 501 2478 super
521 2406 563 2453 eo
581 2377 724 2478 negotio
744 2375 891 2450 diversas
908 2373 1087 2448 sententias
1106 2373 1255 2448 noscere
1278 2375 1369 2468 Piso,

404 2507 434 2542 “
453 2525 668 2598 quamquam
685 2495 888 2570 abfuturum
916 2495 948 2569 se
977 2495 1111 2568 dixerat
1129 2494 1255 2586 Caesar,
1273 2499 1320 2569 ob
1333 2496 1372 2568 id

404 2619 560 2717 “magis
580 2616 756 2717 agendas”
789 2613 961 2704 censebat,
996 2619 1074 2688 “&
1104 2612 1241 2689 absente
1272 2616 1370 2688 Prin·
1445 2657 1447 2660 v

402 2745 431 2782 ‘⁴
448 2738 539 2835 cipe,
561 2735 717 2810 senarum
750 2738 783 2808 δι
812 2734 945 2832 equites
962 2736 1057 2831 polle
1083 2732 1141 2806 sua
1168 2733 1289 2807 munia
1304 2733 1371 2808 sus-

403 2857 557 2931 “tinere
600 2859 766 2931 decorum
815 2853 1014 2952 reipublicae
1063 2850 1174 2926 fore.’'
1234 2857 1368 2946 Gallus,

400 2977 483 3076 quia
509 2976 658 3075 speeiem
683 2974 850 3049 libertatis
882 2972 960 3047 Piso
992 2993 1213 3072 praeceperat,
1244 2981 1271 3016 “
1285 2975 1371 3048 nihil

401 3104 429 3140 “
446 3095 521 3169 satis
537 3096 688 3186 inlustre,
716 3114 776 3167 aut
793 3120 837 3168 ex
853 3093 1023 3192 dignitate
1049 3093 1169 3192 populi
1200 3095 1368 3186 Romani,

402 3223 430 3260 “
448 3217 508 3290 nisi
538 3218 716 3289 coram&
750 3212 813 3288 sub
830 3213 939 3286 oculis
956 3213 1119 3287 Caesaris:
1155 3213 1268 3310 ebque
1289 3239 1371 3287 con-

400 3344 429 3380 “
446 3357 592 3408 ventum
620 3333 729 3407 ltaliae
763 3337 797 3405 a
830 3333 1020 3405 adfluentes
1049 3331 1259 3430 provincias,
1285 3358 1371 3428 prae-

401 3461 430 3497 “
447 3453 562 3527 sentiae
591 3451 661 3549 ejus
686 3450 873 3524 servanda''
895 3449 1044 3524 dicebat.
1093 3451 1270 3524 Audiente
1296 3454 1371 3525 haec

399 3571 546 3648 Tiberio
573 3597 613 3644 ac
642 3573 770 3660 silente,
793 3569 930 3667 magnis
951 3569 1123 3667 utrimque
1139 3570 1370 3644 contentioni-

400 3695 466 3766 bus
482 3694 581 3776 ada3
606 3691 666 3764 sed
686 3715 738 3762 res
754 3689 880 3762 dilatae.

450 3813 621 3884 XXXVI.
649 3813 706 3884 Er
730 3833 950 3884 caarnnrsu
976 3811 1080 3882 Gallo
1103 3811 1268 3884 adversus
1292 3813 1369 3884 Cae-

401 3928 508 4004 sarem
531 3949 693 4001 exortum
721 3929 796 4002 est:
824 3953 905 4002 nam
919 3927 1047 4002 censuit
1076 3938 1102 3972 “
1119 3931 1155 4004 in
1172 3930 1370 4030 quinquen·

323 4088 347 4175 l
403 4047 501 4124 nium
526 4048 789 4148 magistratuum
814 4047 957 4124 comitia
974 4050 1155 4124 habenda:
1184 4071 1293 4149 utque
1321 4052 1371 4124 le·
1606 4053 1607 4096 l

317 4176 329 4222 ,Ι
1093 4175 1096 4184 ,
