3259 5284
517 621 827 691 Arruntium
860 613 981 690 L1n.
1015 607 1043 692 Ῐ.
1217 596 1268 720 ’55

335 777 452 864 LXV.
488 793 579 864 Nox
595 815 656 887 per
671 787 803 861 diversa
820 788 985 885 inquies:
1020 789 1103 862 clim
1130 792 1268 865 barbari

296 905 383 982 festis
401 909 522 1005 epulis,
541 911 619 981 laeto
636 928 751 998 cantu,
786 925 846 978 aut
874 907 959 980 truci
981 905 1103 980 sonore
1119 906 1269 1004 subjecta

296 1029 439 1100 vallium
463 1053 503 1098 ac
533 1027 731 1098 resultantes
767 1024 869 1098 saltus
886 1026 1124 1122 complereqt3
1173 1030 1267 1123 apud

294 1149 474 1219 Romanos
490 1144 632 1216 invalidi
648 1144 759 1241 ignes,
792 1143 987 1239 interruptae
1009 1123 1126 1234 vites,
1166 1166 1269 1244 atque

297 1263 359 1358 ipss
377 1267 495 1358 passim
511 1259 703 1358 adjacerent
729 1263 838 1350 vallo,
872 1264 1072 1334 oberrarent
1101 1265 1269 1356 tentoriis,

294 1380 464 1470 insomnes
482 1379 592 1478 magis
609 1381 715 1476 quam
735 1379 931 1476 pervigiles.
972 1382 1181 1478 Ducemque
1198 1401 1266 1456 ter-

295 1498 363 1570 ruit
378 1499 453 1571 dira
469 1499 583 1596 quies:
610 1524 693 1570 nam
708 1497 937 1594 Qrinstilium
958 1500 1088 1570 Varum
1105 1499 1268 1597 sangiune

295 1617 456 1705 oblitum,
485 1621 518 1689 ὅτ
537 1616 717 1712 paludibus
735 1616 917 1705 emersum,
944 1641 1081 1689 cernere
1099 1624 1132 1690 ἃ
1150 1619 1267 1692 audire

295 1732 383 1807 visus
399 1735 459 1823 est,
485 1737 580 1807 velut
606 1756 803 1824 vocantem,
818 1761 901 1807 mon
928 1755 1044 1808 tamen
1072 1734 1263 1828 obsecutus,

296 1857 330 1925 δι
364 1877 507 1926 manum
540 1853 746 1926 intendentis
783 1853 951 1950 repulisse.
1018 1852 1142 1950 Coeptlt
1174 1857 1266 1946 luce,
1377 1919 1379 1926 ,

297 1971 402 2043 missae
434 1971 470 2043 in
503 1973 608 2044 latera
640 1971 792 2068 legiones
824 1989 932 2059 metu,
959 1996 1002 2044 an
1035 1975 1264 2065 contumacis,

296 2091 414 2163 locum
439 2090 639 2162 desemeres
667 2110 769 2186 capto
790 2071 934 2186 propere
952 2115 1090 2188 campo,
1118 2094 1265 2165 humen-

293 2207 341 2279 tia
371 2208 470 2279 ultra.
518 2209 645 2304 Neque
674 2227 792 2279 tamen
825 2208 1017 2298 Arminius,
1053 2234 1266 2306 quamquam

294 2326 403 2398 libero
435 2324 583 2413 incursu,
620 2324 733 2396 statim
765 2327 942 2422 prorupit:
958 2351 961 2364 ·
980 2325 1038 2400 sed
1070 2347 1108 2400 ut
1140 2327 1266 2402 hasdre

295 2469 398 2516 coeno
409 2441 570 2537 soffisque
597 2441 860 2538 impedimenta,
886 2445 1013 2517 turbati
1040 2445 1171 2519 circbm
1199 2447 1265 2518 mi·

294 2561 384 2649 lites,
410 2560 558 2632 incertus
584 2563 756 2657 signorum
782 2564 883 2650 ordo,
909 2582 1015 2658 utque
1039 2562 1098 2634 tali
1123 2564 1158 2636 in
1175 2585 1263 2638 tem-

297 2703 381 2774 pore
408 2677 467 2748 fibi
498 2675 641 2775 quisque
669 2703 848 2774 properus,
888 2684 921 2752 dt
955 2682 1056 2752 lentae
1082 2661 1267 2778 adversum

295 2795 437 2892 imperia
468 2820 578 2885 aures,
614 2795 807 2891 inmmpere
838 2799 1031 2868 Germanos
1042 2797 1157 2894 jubet,
1193 2803 1263 2872 cla⁴

295 2912 432 3001 mitons,
461 2920 488 2955 “
507 2916 564 2984 En
578 2915 702 3003 Varus,
730 2917 904 2987 &eodem
921 2914 1044 2986 iterum
1069 2913 1140 2988 fato
1161 2916 1264 2990 vistae

295 3039 322 3074 “
337 3031 490 3128 legiones
504 3033 541 3102 !''
565 3031 673 3103 Simul
688 3033 786 3103 haec:
815 3036 849 3104 δι
876 3057 957 3104 cum
983 3031 1121 3104 delestis
1142 3033 1264 3108 scindit

294 3177 436 3249 agmen,
473 3147 637 3246 equisque
669 3150 821 3221 maxime
852 3153 993 3222 vulnera
1025 3149 1173 3247 ingerit:
1213 3153 1264 3227 illi

295 3267 457 3366 sanguine
478 3267 553 3357 su0‚
580 3273 613 3340 δι
640 3269 773 3341 lubrico
800 3271 969 3365 paludum
997 3269 1173 3366 lapsantes,
1199 3295 1261 3346 ex·
1320 3323 1323 3336 ·

293 3391 390 3460 cuffis
423 3385 612 3459 restoribus
644 3384 798 3482 disjicere
830 3387 967 3476 obvios,
1009 3409 1180 3483 proterere
1206 3379 1259 3489 jass

293 3525 430 3578 centes:
458 3503 624 3600 plurimus
650 3503 740 3576 circa
763 3505 893 3601 aquilas
917 3507 1026 3593 labor,
1054 3531 1130 3602 quae
1147 3535 1261 3608 neque

294 3625 478 3697 adversbm
495 3621 573 3696 serti
597 3621 792 3718 ingruentia
817 3625 897 3711 tela,
924 3647 1036 3720 neque
1060 3625 1120 3721 figi
1139 3625 1262 3704 limosi

291 3743 402 3814 humo
434 3760 600 3838 poterant.
649 3739 790 3813 Caecina
827 3742 912 3812 dum
945 3739 1102 3814 sustentat
1134 3745 1260 3837 aciem,¹

291 3860 428 3933 suffosso
451 3885 543 3957 equo
567 3857 724 3954 delapsus
747 3857 1093 3951 circumveniebatur,
1124 3862 1160 3934 ni
1189 3864 1258 3958 pri-

292 3977 462 4076 molegio
484 3977 549 4052 sese
572 3975 791 4076 opposuisset:
811 3974 905 4073 juvit
930 3979 1079 4055 hostium
1102 3979 1259 4071 aviditas,

748 4097 816 4187 E4
