3259 5284
511 544 1042 633 ArrunurueruNIss
1224 580 1293 659 307

319 726 504 829 faucesque
523 730 600 828 jam
629 733 797 807 exanimis
822 734 947 831 laqueo
963 750 1110 807 vexata.
1157 733 1217 807 Ne
1231 736 1296 809 Ti-

318 872 442 949 grance
469 851 626 949 quidem,
662 852 830 925 Armenia
866 853 1046 951 quondam
1080 853 1222 952 potitus,
1255 882 1297 931 ae
1382 940 1385 946 ,

318 986 403 1045 tunc
428 992 518 1060 reus,
545 970 686 1045 nomine
711 972 809 1071 regio
829 971 996 1070 supplicia
1016 972 1146 1047 civium
1163 975 1296 1073 effugit.

314 1093 370 1164 At
394 1090 436 1163 C.
464 1091 579 1164 Galba
601 1089 798 1183 consularis,
823 1096 856 1165 at
882 1092 954 1168 duo
978 1094 1072 1165 Blaesr
1101 1094 1296 1167 voluntario

317 1210 415 1285 exitu
444 1208 610 1285 cecidere.
673 1213 799 1301 Galba,
836 1210 988 1285 tristibus
1023 1209 1162 1285 Caesaris
1191 1209 1296 1285 literis

320 1329 538 1427 provinciam
565 1328 674 1403 sortiri
707 1328 927 1429 prohibitus;
955 1332 1067 1404 Blaesrs
1094 1330 1294 1421 sacerdotia,

317 1448 451 1550 integrl
478 1472 601 1523 corum
626 1452 736 1524 domo
763 1448 942 1540 destinata,
977 1449 1156 1539 convulsa,
1190 1449 1295 1523 distu-

316 1570 402 1643 lerat
419 1598 427 1642 :
455 1587 553 1660 tunt,
572 1586 610 1643 ut
625 1592 747 1659 vacua,
764 1568 911 1643 contulit
927 1568 965 1641 in
980 1568 1087 1641 alios:
1116 1570 1213 1664 quod
1229 1573 1294 1667 fig-

318 1712 406 1763 mrm
423 1689 543 1763 mortis
559 1689 771 1779 intellexere,
786 1694 819 1762 dr
833 1686 982 1763 exsecuti
994 1687 1082 1762 sunt.
1122 1688 1168 1761 Et
1177 1686 1295 1763 AEmi·

317 1808 365 1879 lia
392 1806 544 1904 Lepida,
575 1832 683 1905 quam
709 1806 831 1903 juveni
859 1806 972 1881 Druso
999 1826 1144 1905 nuptam
1178 1807 1293 1897 retuli,

316 1926 443 1999 'crebris
465 1926 667 2001 criminibus
696 1926 860 1999 maritum
884 1925 1050 2016 insecuta,
1078 1950 1293 2025 quamquam

317 2044 530 2139 intestabilis,
549 2066 665 2121 tamen
682 2045 857 2144 impunita
874 2048 1013 2144 agebat,
1033 2046 1119 2119 dum
1130 2044 1294 2143 superfuit

315 2184 412 2262 pater
432 2166 616 2264 Lepidus;
644 2166 721 2264 post
747 2190 769 2239 a
794 2164 1006 2239 delatoribus
1029 2164 1223 2263 corripitur,
1244 2168 1294 2238 ob

314 2283 451 2363 servum
479 2286 699 2360 adulterum:
730 2310 795 2359 nec
818 2285 1043 2358 dubitabatur
1070 2286 1115 2361 de
1144 2285 1291 2383 flagitio.

315 2408 414 2504 Ergo
436 2405 557 2481 omissa
578 2403 787 2495 defensore,
814 2405 923 2478 finem
938 2403 1018 2478 vitae
1042 2404 1103 2479 fibi
1119 2402 1243 2503 posuit.

362 2528 464 2600 XLI.
490 2526 571 2598 Pan
597 2525 692 2597 idem
712 2544 852 2621 tempus
867 2523 1040 2597 Clitarum
1062 2522 1171 2614 natio,
1197 2524 1290 2621 Cap·

313 2630 642 2743 padoci'Archelao
665 2641 828 2741 subjcsla,
857 2642 940 2739 quia
967 2643 1123 2716 nostrum
1149 2642 1185 2715 in
1213 2667 1291 2715 mo·

313 2764 399 2835 dum
427 2762 560 2837 deferre
587 2762 718 2852 census,
756 2760 825 2859 pati
850 2762 979 2835 tribu'ta
1006 2760 1223 2859 adigebatur,
1252 2760 1290 2833 in

304 2878 393 2979 juga
418 2880 527 2955 Tauri
548 2882 676 2954 montis
692 2878 867 2955 absccffit:
897 2882 1126 2977 locorumque
1148 2880 1291 2978 iugenio

310 2998 377 3075 sese
393 3020 510 3075 contra
527 3000 682 3075 imbelles
698 2999 788 3098 regis
805 2998 924 3096 copias
945 2998 1119 3072 tutabatur
1133 3025 1144 3084 3
1173 2999 1287 3073 donec

309 3122 368 3195 Μ.
389 3120 597 3211 Trebellius,
615 3122 760 3219 legatus,
785 3114 979 3207 aVitellio,
1007 3117 1150 3213 praesrde
1166 3117 1287 3213 Syrie,

310 3258 394 3315 tum
416 3260 562 3338 quatuor
593 3240 745 3313 millibus
775 3237 1055 3337 legionariorum,
1086 3241 1120 3310 az
1142 3238 1286 3311 delectis

309 3358 445 3436 auxiliis
457 3358 588 3449 miffus,
604 3359 692 3432 duos
705 3359 824 3448 colles,
838 3379 926 3455 quos
942 3343 1078 3431 barbari
1095 3356 1287 3433 insederant

310 3478 453 3574 (minori
471 3478 588 3569 Cadra,
613 3477 709 3554 alteri
728 3478 866 3554 Davara
887 3500 1016 3549 nomen
1033 3476 1099 3571 est)
1123 3476 1287 3573 operibus
1393 3552 1396 3556 .

308 3598 562 3673 circumdedit:
589 3602 623 3671 δι
640 3620 823 3695 erumpere
833 3595 931 3673 ausos
947 3594 1051 3686 ferro,
1070 3614 1202 3670 ceteros
1218 3596 1284 3687 srti,

307 3716 351 3790 ad
381 3716 595 3793 deditionem
620 3718 748 3817 co'e'git.
798 3720 849 3791 At
873 3716 1060 3806 Tiridates,
1087 3715 1284 3815 volentibus

307 3834 454 3925 Parthis,
489 3838 742 3936 Nicephorium
785 3842 819 3911 δε
862 3835 1147 3925 Anthemufiada,
1190 3854 1282 3905 cete·

307 3952 428 4058 casque
452 3956 566 4048 urbes,
594 3982 671 4063 qua
687 3956 946 4035 Macedonibus
968 3958 1050 4048 srtae,
1072 3956 1197 4033 Graeca
1216 3977 1279 4031 vo·

807 4076 885 4155 Xe
