3259 5284
418 562 489 637 268
610 560 653 637 C.
693 560 959 636 eorunm
1001 562 1200 637 Tncrrr

418 730 625 807 minentium
660 731 872 831 intelligens,
913 734 1028 831 puella
1058 733 1147 807 adeo
1182 730 1308 823 nescia,
1354 752 1396 807 ut

417 849 537 923 crebro
566 850 800 949 interrogaret,
829 858 858 895 “
882 854 981 950 quod
994 854 1042 925 ob
1063 850 1244 940 delislum,
1265 856 1302 924 tr
1317 852 1397 949 qub

418 976 445 1012 ‘⁶
466 970 671 1041 traheretur?
700 995 813 1067 neque
829 968 995 1043 faciurum
1017 970 1145 1060 ultrh,”
1171 975 1220 1059 tr,
1247 974 1275 1013 “
1294 972 1394 1067 posse

417 1094 444 1133 ‘⁸
462 1086 493 1161 se
512 1088 634 1185 puerili
653 1092 794 1163 verbere
821 1088 992 1163 moneri.”
1038 1090 1200 1161 Tradunt
1224 1089 1392 1185 temporis

417 1205 487 1305 ejus
514 1208 681 1297 truciores,
708 1214 735 1251 “
754 1206 836 1306 quia
864 1206 1070 1279 triumvirali
1101 1206 1270 1303 supplicio
1298 1208 1390 1281 affici

418 1326 638 1425 “virginem
663 1328 859 1402 inauditum
875 1328 1079 1419 habebatur,
1106 1326 1316 1415 acarnisice,
1338 1329 1388 1399 la·

416 1452 444 1489 “
463 1444 713 1543 queumjuxta,
732 1448 981 1543 compressam:
1000 1446 1082 1519 exin
1092 1446 1205 1520 oblisis
1215 1445 1387 1535 saucibus,

418 1574 444 1611 “
465 1566 501 1639 id
521 1566 629 1639 artatis
650 1590 796 1663 corpora
818 1566 855 1637 in
868 1564 1057 1639 Gemonias
1077 1564 1244 1661 abjestass'

465 1687 512 1758 X.
535 1687 616 1759 Part
642 1684 734 1757 idem
760 1706 899 1781 tempus
928 1687 1009 1758 Asta
1034 1665 1139 1782 atque
1169 1685 1302 1758 Achaia
1323 1709 1387 1758 ex·

417 1804 540 1877 territae
558 1802 649 1895 sunt,
677 1802 749 1877 acri
765 1804 892 1903 magis,
915 1805 1023 1902 quim
1051 1804 1217 1877 diuturno
1234 1829 1387 1892 minore,

416 1933 442 1975 “
463 1923 628 2013 Drusum,
662 1923 856 1997 Germanici
880 1923 1006 2013 silium,
1038 1924 1132 2019 apud
1148 1922 1316 2019 Cycladas
1334 1922 1390 1994 in-

416 2050 443 2089 “
461 2041 562 2133 sulas,
580 2068 665 2117 mox
682 2040 717 2115 in
734 2042 923 2116 continenti
941 2042 1098 2115 visum:’'
1119 2046 1154 2116 bc
1170 2040 1389 2139 eratjurenis

414 2164 509 2237 haud
537 2159 659 2259 dispari
688 2181 799 2251 atate,
839 2159 1044 2257 quibusdam
1072 2159 1211 2233 Caesaris
1244 2160 1389 2252 libertis,

416 2283 512 2355 velut
531 2280 681 2379 agnitus,
707 2306 767 2377 per
783 2282 976 2377 dolumque
993 2278 1250 2354 comitantibus.
1298 2280 1390 2352 Alli-

415 2401 593 2474 ciebantur
619 2400 727 2497 ignari
745 2398 838 2473 samh
854 2398 1017 2490 nominis,
1046 2404 1081 2473 δι
1104 2398 1275 2497 promptis
1290 2401 1390 2472 Grae·

416 2545 537 2594 corum
564 2518 686 2593 animis
710 2520 755 2615 ad
784 2544 877 2593 nova
902 2524 935 2593 bc
961 2519 1067 2593 mira:
1095 2520 1225 2617 quippe
1249 2526 1277 2561 “
1293 2520 1389 2615 elap-

416 2648 444 2685 “
462 2638 536 2713 sum
557 2638 762 2729 custodiam,
790 2664 933 2737 pergere
952 2640 998 2711 ad
1025 2658 1185 2737 paternos
1201 2637 1389 2728 exercitus,

417 2767 444 2805 ‘⁴
463 2760 663 2857 AEgyptum
699 2776 758 2831 aut
790 2758 922 2854 Syriam
954 2756 1172 2831 intrasurum'¹
1206 2760 1390 2857 fingebant

415 2880 530 2969 simul,
563 2877 828 2975 credebantque.
887 2880 968 2973 Jam
987 2874 1181 2973 juventutis
1208 2876 1389 2968 concursu,

409 2996 483 3097 jam
517 2996 663 3094 publicis
690 2996 809 3069 studiis
842 2993 1136 3094 frequentabatur,
1170 2999 1269 3070 laetus
1301 3022 1390 3095 prae·

414 3116 565 3191 sentibus
583 3120 616 3189 tc
636 3114 789 3189 inanium
801 3114 882 3211 spe;
907 3117 991 3188 clim
1007 3116 1165 3190 auditum
1180 3115 1217 3188 id
1233 3118 1392 3213 Poppaeo

413 3236 551 3311 Sabino,
601 3235 634 3307 ls
661 3234 881 3307 Macedonia
913 3254 991 3307 tum
1017 3234 1181 3323 intentus,
1216 3232 1391 3307 Achaiam

415 3380 556 3452 quoque
580 3356 731 3426 curabat.
781 3355 904 3450 Igitur,
933 3353 1005 3451 qub
1030 3379 1111 3427 vera
1134 3351 1191 3425 seu
1218 3350 1300 3426 falsa
1325 3379 1390 3426 an-

414 3473 525 3561 teiret,
546 3474 761 3545 Totonaeum
784 3473 1077 3571 Thermaeumque
1095 3477 1205 3546 smum
1228 3469 1391 3567 praefesti-

416 3618 514 3681 nans‚
545 3616 632 3664 mox
661 3595 848 3683 Euboeam,
877 3591 996 3690 AEgaei
1026 3592 1129 3665 maris
1157 3590 1316 3681 insulam,
1352 3592 1389 3663 br

415 3712 589 3785 Piraeeum
606 3692 733 3783 Attici}
756 3735 840 3800 orae,
857 3710 937 3783 dein
953 3708 1187 3783 Corinthiense
1203 3710 1297 3795 litus,
1325 3735 1389 3782 an-

417 3826 607 3931 gustiasque
624 3828 742 3901 Isthmi
755 3828 892 3903 evadit:
912 3829 1067 3927 marique
1082 3831 1152 3904 alio
1168 3830 1389 3927 Nicopolim,

415 3956 616 4033 Romanam
643 3945 829 4038 coloniam,
852 3946 1034 4049 ingressus,
1058 3948 1107 4029 ibi
1133 3950 1280 4031 demum
1302 3972 1392 4047 c0g=
