3259 5284
364 549 502 628 xxxviii

362 723 545 798 Interdum
561 739 680 800 tamen
696 723 743 801 ab
757 723 1039 818 eadiscedit,sed
1046 724 1135 804 vitio
1147 752 1348 829 operarum,

360 864 401 918 ut
426 843 513 936 XII,
546 865 601 919 12.
629 845 734 937 XIII,
757 867 812 944 17.
834 864 901 920 etc.
919 873 999 945 quae
1015 847 1054 921 in
1069 847 1160 923 notis
1180 849 1349 928 indicavi·

360 987 451 1039 mus.
509 963 622 1064 Igitur
646 962 748 1042 facile
776 965 909 1042 Aldina
933 985 1062 1061 careat,
1090 966 1154 1066 qui
1182 970 1349 1046 Rhenaui

359 1083 550 1159 editionem
565 1086 682 1160 habet.

342 1223 345 1232 ·
407 1203 546 1280 Eadem
562 1202 650 1278 ratio
665 1203 716 1280 est
733 1202 935 1302 Gryphium,
949 1230 1030 1304 quae
1044 1205 1217 1305 Lugduni
1237 1231 1343 1307 1543·

358 1321 494 1399 ostonis
519 1323 663 1422 prodiit,
696 1323 759 1397 nist
788 1325 891 1423 quod
918 1325 1020 1423 plura
1045 1348 1234 1422 operarum
1259 1353 1343 1426 pec·

363 1461 439 1519 eata
465 1443 613 1518 admisit.
663 1442 807 1519 Additae
829 1463 948 1518 tamen
975 1442 1054 1518 sunt
1080 1463 1174 1520 notae
1198 1448 1344 1539 Ferreti,

357 1561 574 1662 servatusque
588 1561 784 1638 Thesaurus
797 1563 976 1655 Rhenum,
994 1587 1103 1662 quem
1118 1564 1207 1640 dixi.
1255 1566 1342 1642 Hu-

351 1679 411 1782 jus
428 1681 590 1757 editionis
610 1661 817 1781 exemplum
832 1681 960 1773 habeo,
983 1683 1083 1780 quod
1100 1701 1216 1759 totum
1233 1671 1348 1760 manu

356 1803 517 1902 elegante
532 1800 580 1876 ita
595 1803 791 1878 corredum
803 1801 868 1893 est,
886 1801 939 1876 uti
955 1804 1053 1900 prelo
1064 1801 1343 1901 paratumfiriffe

357 1915 527 1998 videatur.
578 1919 687 2020 Cujus
715 1945 755 1996 ea
781 1945 906 1996 manus
929 1921 1027 2011 effet,
1053 1920 1237 2021 exquirere
1268 1947 1344 1998 non

257 2028 259 2033 ¹
357 2042 469 2142 potui.
518 2038 683 2140 Lipfiana
711 2040 857 2139 quidem
884 2037 1039 2114 editione
1067 2039 1235 2138 posterior
1263 2066 1340 2116 cor-

355 2160 464 2236 redtio
490 2159 552 2234 est.
602 2162 700 2234 Nam
725 2157 989 2234 emendationes
1009 2159 1081 2235 fere
1096 2159 1176 2234 suut
1201 2185 1223 2235 e
1246 2159 1338 2234 notit

354 2280 478 2379 Lipsri,
498 2277 648 2371 Mureti,
674 2278 904 2378 aliorumque.
951 2275 1183 2378 Inprimisque
1198 2279 1236 2353 id
1253 2279 1337 2355 licet

239 2482 243 2489 ,
353 2397 475 2474 videre
500 2398 537 2472 in
565 2398 721 2498 Dialogo
752 2400 799 2474 de
830 2397 1051 2489 Oratoribus,
1078 2397 1139 2496 qui
1166 2416 1260 2473 totus
1291 2400 1337 2474 ad

352 2521 558 2618 exemplum
591 2518 799 2618 Lipsranum
828 2517 1001 2592 comedens
1025 2515 1087 2590 est.
1144 2522 1241 2592 Ante
1274 2518 1335 2592 Pi·

351 2641 473 2717 chene
505 2658 624 2714 tamen
654 2636 931 2739 recognitionem
957 2635 1206 2712 oorroffionem
1232 2635 1334 2714 istam

350 2757 480 2836 saetam
502 2759 585 2850 effe,
614 2777 708 2858 patet
724 2783 771 2834 ex
786 2781 844 2850 eo,
869 2757 969 2856 quod
984 2755 1073 2832 nihil
1094 2757 1335 2832 emendation-

312 2889 316 2894 '
350 2903 414 2954 um
440 2878 604 2968 Pichenae¹
639 2878 818 2977 reperitur.
878 2876 991 2968 Novi,
1019 2879 1057 2951 h.
1073 2901 1104 2951 e.
1125 2878 1225 2976 quod
1248 2877 1332 2952 alibi

350 3025 424 3074 non
450 2995 528 3097 jam
557 2999 654 3088 effer,
685 3021 872 3096 perparum
898 2996 1021 3095 reperi,
1045 2997 1145 3095 quod
1170 2996 1209 3070 in
1242 2996 1334 3071 notia

349 3118 437 3194 meis
463 3119 611 3218 prodere
637 3140 710 3191 non
736 3115 889 3216 neglexi.
938 3116 1073 3190 Ceoerae
1099 3114 1330 3212 Gryphiauae,

350 3265 432 3340 quae
470 3253 803 3326 commemorantur,
838 3253 1015 3335 quotquot
1047 3253 1131 3308 ante
1170 3233 1332 3331 Lipfiunr

351 3357 520 3458 prodiere,
547 3353 766 3432 hauddubie
787 3371 927 3430 tantum
942 3353 1095 3453 priorem
1110 3353 1207 3427 illam
1229 3376 1330 3450 repe-

350 3498 448 3554 tunt:
466 3476 562 3552 unde
576 3499 633 3550 eae
649 3499 721 3550 non
730 3497 946 3576 magnopere
957 3473 1141 3574 requifivie
1160 3495 1242 3570 quae
1253 3470 1332 3570 post

349 3599 552 3696 Lipsienam
567 3598 675 3670 {adeon
688 3577 841 3696 vulgatu
855 3593 947 3686 sunt,
964 3595 1062 3669 velut
1073 3591 1223 3669 Antonii
1236 3594 1330 3689 Gry·

350 3715 423 3818 phii
446 3744 478 3791 a.
506 3719 610 3816 1584.
631 3707 820 3809 duodenis,
838 3741 859 3791 e
874 3714 1041 3814 Lipfiano
1057 3713 1225 3812 exemplo
1242 3712 1330 3786 duc·

350 3859 395 3915 tae
428 3837 530 3914 sunt..
567 3838 733 3914 Ceterum
765 3835 905 3937 quoties
932 3834 971 3911 in
1001 3832 1095 3910 notis
1121 3831 1243 3910 nostris
1273 3830 1332 3909 ed.
