3259 5284
314 634 317 642 Ι
381 553 430 629 94
596 526 939 606 C.Cortunr11
972 534 1177 610 Tncrrr

379 707 501 778 Gallus
519 705 669 796 Afinius,
698 710 731 780 δι
765 707 891 804 Papius
915 708 1080 802 Mutilus,
1105 713 1138 783 δι
1159 712 1206 782 L.
1229 717 1347 812 Apro.

378 824 456 898 nius
481 825 689 898 decrevdret
725 851 874 924 quorum
890 827 1105 901 auctoritates
1122 833 1346 908 adulationes·

378 945 571 1043 querendi,
585 963 624 1018 ut
640 943 778 1018 sciretur
792 966 890 1020 vetus
906 946 941 1020 id
957 947 993 1018 in
1005 949 1180 1045 republicd
1202 955 1347 1028 malum.

377 1069 483 1142 Facta
507 1071 540 1140 δι
563 1067 608 1139 de
620 1066 878 1140 Mathematicis
889 1067 1075 1166 Magisque
1099 1070 1194 1144 ltalia
1216 1075 1346 1168 pellen-

375 1187 430 1260 dis
445 1182 748 1261 senatusconsulta:
775 1213 925 1284 quorum
941 1213 960 1261 e
977 1215 1137 1279 numero,
1163 1192 1209 1263 L.
1229 1193 1345 1267 Pitua-

375 1307 453 1381 nius
477 1306 560 1380 saxo
585 1305 737 1404 dejedus
758 1307 818 1380 est.
866 1309 908 1380 In
929 1310 969 1380 P.
996 1309 1169 1384 Martium
1190 1309 1344 1386 consules

375 1451 474 1502 extra
497 1448 632 1527 portam
656 1425 883 1525 Esquilinam,
911 1429 993 1502 cum
1021 1430 1193 1504 clafficum
1223 1456 1345 1506 canere

369 1545 550 1645 juffiffent,
573 1571 671 1620 more
688 1543 796 1645 prisco
812 1548 1003 1620 advertere.

423 1671 596 1742 XXXIII.
621 1671 807 1742 Pnoxrnro
823 1664 956 1740 senatbs
972 1667 1042 1758 die,
1073 1669 1183 1743 multa
1208 1670 1245 1744 in
1265 1672 1344 1744 lux-

237 1805 241 1812 ’
374 1813 439 1861 um
460 1787 610 1861 civitatis
630 1787 723 1860 diua
743 1787 989 1884 aQHaterio
1001 1785 1180 1879 consulari,
1196 1792 1347 1864 Odavio

374 1910 552 1983 Frontone
595 1909 740 2006 praeturd
783 1905 927 1980 fundo:
974 1907 1220 2005 decretumque
1254 1915 1345 1984 “ne

374 2026 497 2100 “vasa
522 2052 606 2100 auto
633 2023 741 2098 solida
763 2025 994 2100 ministrandis
1017 2025 1101 2100 cibis
1123 2029 1267 2102 fierent:
1299 2057 1344 2104 ne

374 2145 523 2220 “vestis
548 2144 652 2218 serica
671 2145 761 2218 viros
788 2142 972 2218 foedaret.''
1022 2147 1170 2218 Excessit
1195 2151 1339 2240 Fronto,

372 2291 414 2339 ac
430 2265 615 2363 postulavit
656 2269 683 2306 “
703 2265 852 2338 modum
876 2285 1034 2362 argenta,
1057 2263 1268 2362 supelledtili,
1291 2267 1343 2342 fa·

374 2393 402 2428 “
419 2384 561 2458 mitiae.”
611 2387 692 2458 Erat
715 2383 847 2480 quippe
862 2385 977 2458 adhuc
1006 2384 1166 2482 frequens
1181 2385 1342 2462 senatori-

371 2508 451 2595 bus,
476 2504 602 2603 siquid
623 2529 643 2576 e
664 2503 840 2600 republica
856 2504 1045 2595 crederent,
1071 2507 1149 2578 loco
1168 2504 1343 2582 sententiae

372 2649 543 2724 promere.
567 2624 700 2697 Contra
709 2625 830 2698 Gallus
842 2623 978 2697 Afinius
988 2625 1154 2716 differuit,
1183 2630 1342 2701 “Audin

373 2742 555 2842 “imperii
576 2729 758 2817 adoleviffe
782 2744 887 2818 etiam
920 2745 1066 2842 privatas
1091 2771 1200 2843 opes3
1235 2745 1343 2843 idque

372 2871 402 2909 “
421 2890 651 2954 nonnovum,
676 2861 734 2936 sed
755 2889 777 2937 e
799 2864 1025 2938 vetustiffimis
1037 2865 1201 2940 moribus.
1224 2865 1342 2940 Aliam

373 2986 514 3082 “apud
537 2983 726 3072 Fabricios,
761 2983 865 3056 aliam
884 2985 978 3080 apud
999 2983 1173 3081 Scipiones
1199 2985 1340 3082 pecuni-

371 3111 400 3148 “
417 3131 500 3190 am;
535 3107 570 3177 δι
596 3105 721 3176 cunda
752 3103 798 3174 ad
832 3102 1085 3199 rempublicam
1109 3103 1246 3176 referri:
1274 3109 1342 3202 qud

372 3231 401 3267 “
417 3222 526 3313 tenui,
550 3221 712 3319 angustas
741 3221 871 3294 civium
899 3222 1046 3307 domos;
1082 3223 1266 3320 postquam
1298 3223 1341 3296 ed

335 3350 340 3358 “
371 3348 401 3386 “
419 3338 685 3437 magnificentia
697 3339 841 3429 venerit,
868 3337 1008 3438 gliscere
1021 3343 1181 3438 singulos.
1215 3344 1342 3440 Neque

372 3461 455 3534 “in
477 3457 608 3532 familia
630 3463 663 3530 δι
687 3478 845 3556 argenm,
867 3484 1014 3557 quaeque
1038 3460 1084 3532 ad
1103 3458 1203 3534 usum
1221 3487 1342 3558 paren-

371 3589 400 3625 “
417 3601 485 3670 tur,
521 3577 672 3652 nimium
701 3577 848 3676 aliquid,
887 3598 947 3651 aut
978 3577 1174 3670 modicum,
1209 3581 1269 3654 nifi
1297 3607 1342 3655 en
1404 3621 1410 3630 ·

371 3708 400 3744 “
414 3700 552 3775 fortund
579 3696 800 3796 poffidentis:
830 3697 1005 3773 distindtos
1029 3698 1160 3773 senatus
1185 3704 1218 3773 δι
1243 3701 1341 3798 equi-

373 3827 496 3893 “tum
519 3815 650 3907 census,
686 3843 757 3892 non
782 3817 866 3917 quia
889 3819 1010 3892 divetfi
1043 3821 1174 3910 naturd,
1210 3818 1268 3893 sed
1302 3839 1342 3892 ut

373 3946 403 3984 “
422 3938 519 4031 locis,
552 3936 748 4031 ordinibus,
796 3937 1070 4040 dignationibus,
1117 3939 1274 4016 antistent
1305 3942 1340 4012 δι
