3259 5284
486 650 784 721 nisinun
813 644 1011 719 Lnan.
1183 668 1252 741 243

281 827 310 863 “
329 820 443 895 studio
459 820 495 895 in
510 824 681 919 populum
700 825 919 910 Romanum,
933 846 994 916 per
1011 819 1102 893 bella
1117 821 1207 893 Persr
1221 822 1256 891 se

282 940 516 1015 “Aristonici
552 941 769 1038 aliorumque
796 944 955 1039 regum.”
1013 941 1144 1013 Verum
1172 941 1255 1033 Hy·

277 1060 428 1155 paepeni,
458 1060 710 1157 Trallianique,
740 1059 1004 1134 Laodicenis&
1029 1056 1255 1155 Magnetibus

280 1180 393 1268 srmul,
427 1178 579 1270 mamilli,
621 1199 660 1253 ut
687 1204 810 1277 parum
838 1179 955 1251 validi.
1019 1180 1077 1252 Ne
1117 1173 1254 1249 Ilienses

281 1298 438 1393 quidem,
486 1299 569 1371 crim
613 1306 639 1341 “
669 1320 847 1395 parentem
878 1297 973 1371 urbis
1004 1300 1131 1369 Romae
1161 1297 1254 1367 Tro·

280 1421 307 1459 “
318 1414 416 1514 jam”
428 1416 601 1507 referrent,
629 1417 689 1491 nisr
708 1416 918 1514 antiquitatis
936 1415 1046 1514 glorid
1063 1416 1252 1510 pollebant.

277 1536 438 1611 Paullum
455 1536 713 1626 addubitatum,
732 1536 829 1633 qubd
846 1533 1086 1611 Halicarnallri
1111 1540 1138 1575 “
1156 1532 1254 1605 mille

280 1662 308 1697 “
327 1660 360 1727 δι
389 1658 555 1729 ducentos
580 1682 640 1752 per
661 1682 769 1729 annos
793 1657 890 1729 nullo
912 1674 1010 1729 motu
1035 1674 1130 1727 terrae
1150 1674 1251 1727 nuta-

280 1780 307 1815 “
326 1772 408 1846 visse
436 1774 530 1847 sedes
558 1773 646 1863 suas,
676 1774 832 1873 vivoque
860 1774 896 1846 in
924 1772 1007 1848 saxo
1030 1770 1255 1845 fundamenta

280 1897 309 1934 “
325 1893 470 1988 templi’'
499 1893 790 1967 adseveraverant.
841 1894 1072 1989 Pergamenos
1098 1894 1159 1986 (eo
1180 1888 1254 1988 ipso

277 2008 491 2105 nitebantur)
525 2012 599 2085 aede
627 2011 787 2109 Augusto
819 2011 868 2085 ibi
896 2014 967 2101 srtd,
1004 2010 1080 2083 satis
1109 2012 1254 2107 adeptos

279 2130 463 2203 creditum.
515 2130 668 2227 Ephesii,
698 2130 911 2227 Milesiique,
932 2130 969 2205 hi
986 2128 1173 2226 Apollinis,
1203 2127 1255 2201 illi
1361 2130 1366 2144 ’

278 2248 401 2323 Dianae
429 2249 623 2323 caernnonia
659 2250 874 2346 occupavisse
902 2249 1055 2325 civitates
1080 2248 1152 2321 visr.
1200 2251 1255 2321 Ita

277 2366 458 2443 Sardianos
476 2368 575 2459 inter,
600 2369 865 2467 Smyrnaeosque
887 2368 1125 2443 deliberatum.
1175 2370 1253 2441 Sar·

278 2486 371 2561 diani
405 2488 581 2561 decretum
620 2490 765 2563 Etruriae
796 2489 994 2579 recitavere,
1031 2506 1072 2559 ut
1108 2486 1252 2559 consan-

280 2604 415 2703 guinei:
442 2632 525 2679 nam
551 2614 578 2653 “
595 2609 819 2703 Tyrrhenum
831 2608 1048 2704 Lydumque
1061 2610 1155 2703 Atye
1170 2631 1254 2704 rege

279 2732 308 2767 “
327 2725 475 2822 genitos,
522 2727 570 2797 ob
609 2726 870 2799 multitudinem
903 2725 1050 2799 divisisse
1090 2746 1251 2822 gentem:

280 2844 471 2938 “Lydum
505 2843 620 2941 patriis
653 2844 689 2917 in
722 2846 817 2919 terris
850 2844 1005 2919 resedisse
1017 2874 1029 2932 ;
1068 2846 1255 2941 Tyrrheno

280 2968 309 3003 “
326 2962 461 3052 datum,
485 2990 592 3037 novas
617 2982 653 3037 ut
675 2966 838 3037 conderet
861 2963 967 3038 sedes.
1018 2968 1064 3037 Et
1079 2964 1254 3037 ducume

279 3082 523 3157 “nominibus
545 3083 653 3157 indita
677 3085 861 3174 vocabula,
884 3084 949 3157 illis
965 3108 1026 3181 per
1043 3086 1174 3173 Asiam,
1200 3083 1254 3156 his

279 3200 362 3274 “in
389 3200 505 3275 Italia:
532 3204 739 3301 auslamque
764 3204 879 3277 adhuc
900 3205 1084 3299 Lydorum
1108 3205 1254 3299 opulen-

279 3329 307 3365 “
325 3321 423 3410 tiam,
455 3322 557 3395 miffis
585 3322 622 3395 in
655 3322 828 3397 Graeciam
858 3323 1010 3420 populis,
1042 3322 1097 3396 cui
1121 3348 1207 3397 mox
1231 3348 1254 3396 a

278 3443 455 3538 “Pelope
478 3466 608 3515 nomen
622 3446 657 3515 :''
681 3445 781 3517 fimul
808 3443 966 3516 “literas
988 3443 1251 3539 imperatorum,

278 3569 307 3606 “
325 3565 359 3635 δι
399 3561 467 3635 ieta
494 3562 674 3637 nobiscum
702 3563 836 3637 foedera
872 3564 965 3637 bello
993 3564 1250 3653 Macedonum,

224 3734 226 3739 -
278 3684 585 3780 “ubertatemque
625 3681 812 3757 fluminum
852 3681 1005 3774 suorum,
1046 3682 1252 3778 temperiem

278 3805 306 3841 “
325 3799 413 3887 caeli,
435 3825 476 3873 ac
498 3801 585 3875 dites
602 3801 734 3875 circum
756 3806 885 3875 terras''
902 3805 1153 3876 memorabant.

326 3920 423 3991 LVI.
461 3924 521 3993 Ar
538 3922 750 4011 Snvnumr,
776 3921 920 4019 repetitd
947 3922 1128 4012 vetustate,
1156 3922 1255 3994 “seu

278 4036 493 4113 “Tantalus
517 4040 607 4134 Jove
623 4060 719 4115 ortus
740 4039 833 4131 illos,
863 4043 931 4116 srve
955 4040 1108 4115 Theseus
1132 4037 1251 4115 divind

717 4162 754 4233 R
764 4186 767 4193 ⁴
779 4184 800 4231 2
