3259 5284
388 620 462 695 288
603 616 1169 697 oconsamrtcm

386 792 482 884 fisco,
501 795 557 867 vel
576 794 692 869 erario
708 794 938 873 attinebatur:
964 797 1009 873 ad
1036 798 1104 875 hoc
1119 794 1253 871 senatus
1265 820 1353 893 prae·

383 911 568 1009 scripserat,
595 921 621 955 “
638 914 723 987 duas
740 913 885 1013 quisque
909 914 1036 989 fenoris
1061 934 1173 1013 partes
1198 914 1237 988 in
1263 915 1353 1013 agris

386 1038 413 1073 “
432 1058 492 1129 per
509 1032 645 1105 Italiam
662 1034 892 1107 conlocaret.”
940 1035 1007 1107 Sed
1025 1034 1210 1108 creditores
1222 1034 1259 1107 in
1273 1034 1352 1111 soli·

70 1134 75 1143 .
111 1229 117 1237 ,
153 1238 167 1249 ..
234 1254 238 1263 ,
383 1152 471 1224 dum
499 1153 743 1249 appellabant:
774 1178 840 1225 nec
867 1153 1037 1225 decorum
1061 1154 1255 1249 appellatis,
1284 1152 1351 1227 mi-

383 1295 490 1345 nuere
507 1272 625 1348 fidem.
675 1274 727 1345 Ita
755 1271 870 1368 primo
894 1270 1120 1362 concursatio,
1150 1278 1185 1347 δε
1213 1296 1351 1369 preces:

383 1390 464 1463 dein
487 1390 634 1487 strepere
662 1390 811 1487 praetoris
837 1390 1012 1465 tribunal:
1040 1416 1163 1491 eaque,
1193 1418 1270 1489 quae
1299 1418 1354 1465 rc·

385 1508 503 1583 medio
519 1512 669 1609 quaesrta,
689 1508 858 1602 venditio,
876 1516 910 1583 8:
928 1511 1073 1608 emptio,
1090 1512 1127 1583 in
1142 1510 1356 1585 contrarium

382 1628 531 1714 mutari:
559 1628 641 1727 quia
657 1628 863 1703 feneratores
880 1656 1024 1703 omnem
1053 1630 1238 1727 pecuniam
1259 1654 1350 1706 mer·

382 1747 502 1823 candis
529 1746 621 1847 agris
647 1746 884 1823 condiderant.
932 1749 1083 1845 Copiam
1106 1748 1281 1821 vendendi
1300 1748 1351 1821 se-

380 1870 459 1944 cuta
475 1866 618 1957 vilitate,
634 1866 764 1965 quanto
781 1867 860 1965 quis
876 1866 1072 1958 obaeratior,
1085 1867 1210 1965 aegribs
1226 1867 1349 1943 distra-

381 1988 535 2073 hebant:
566 1985 737 2082 multique
754 1984 901 2059 fortunis
918 1988 1229 2084 provolvebantur:
1254 2012 1351 2061 ever-

383 2109 430 2187 fio
457 2106 506 2179 rei
538 2104 711 2181 familiaris
743 2104 948 2202 dignitatem
975 2132 1015 2179 ac
1042 2103 1172 2179 samam
1197 2132 1351 2205 praeceps

380 2227 512 2299 dabat:
557 2224 669 2297 donec
698 2224 777 2297 tulit
809 2250 917 2322 opem
943 2224 1068 2316 Caesar,
1096 2224 1259 2321 dispofito
1291 2250 1352 2323 per

286 2437 290 2444 Ι
383 2344 513 2420 mensas
543 2342 666 2417 millies
683 2341 845 2435 sestertio,
879 2342 1037 2441 fedaque
1051 2342 1235 2416 mutuandi
1251 2344 1354 2440 copii

381 2469 450 2539 fine
478 2461 585 2543 usuris
615 2489 675 2563 per
702 2463 902 2553 triennium,
940 2467 963 2535 sr
990 2462 1128 2535 debitor
1155 2464 1287 2559 populo
1314 2462 1351 2535 in

379 2584 528 2680 duplum
556 2582 694 2681 praediis
727 2581 876 2656 cavisset.
925 2580 980 2655 Sic
1012 2578 1138 2653 reseda
1169 2582 1279 2668 fides:
1315 2587 1381 2657 δι’

380 2700 560 2801 paullatim
588 2700 711 2797 privati
739 2726 881 2799 quoque
909 2700 1095 2774 creditores
1110 2700 1258 2797 reperti:
1289 2726 1350 2774 ne-

380 2848 450 2922 que
468 2820 600 2919 emptio
617 2846 779 2917 agrorum
796 2818 948 2893 exercita
970 2820 1016 2891 ad
1037 2816 1186 2891 sormam
1201 2817 1350 2901 senatus·

379 2942 537 3033 consulti,
571 2938 719 3033 acribus,
749 2958 788 3013 ut
805 2937 912 3013 ferme
928 2930 1157 3030 talia,'initiis,
1182 2937 1352 3016 incurioso

381 3064 463 3139 fine.

428 3183 562 3257 XVIII.
587 3182 696 3254 Dcm
715 3180 860 3253 redeunt
877 3179 1004 3276 priores
1027 3196 1154 3266 metus,
1178 3177 1350 3274 postulato

379 3300 558 3399 majestatis
587 3298 750 3373 Considio
776 3300 951 3371 Proculo:
988 3294 1049 3394 qui
1087 3298 1184 3369 nullo
1221 3320 1350 3393 pavore

379 3421 473 3493 diem
490 3419 640 3491 natalem
657 3419 846 3517 celebrans,
872 3437 988 3513 raptus
1016 3416 1053 3489 in
1085 3414 1232 3504 curiam,
1261 3414 1350 3512 pari·

379 3559 499 3635 terque
527 3537 709 3610 damnatus
739 3533 1024 3631 interfcdtusque:
1060 3538 1095 3607 &
1132 3532 1239 3608 sorori
1277 3532 1351 3630 ejus

380 3656 508 3731 Sanciae
526 3656 614 3751 aqu&
630 3673 735 3749 atque
751 3654 825 3751 igni
841 3654 1074 3743 interdidlum‚
1098 3651 1277 3727 accusante
1300 3656 1358 3750 Q

380 3772 589 3871 Pomponio.
639 3775 672 3845 Is
689 3772 845 3845 moribus
863 3772 1009 3869 inquies,
1039 3774 1153 3847 “haec
1173 3776 1208 3845 &
1233 3769 1353 3869 hujus-

380 3903 409 3947 “
428 3891 564 3976 cemodi
581 3917 600 3963 a
617 3889 650 3964 se
665 3890 833 3965 faeritas?
860 3893 1111 3989 praetendebat,
1137 3912 1190 3982 ut,
1215 3898 1241 3933 “
1254 3892 1351 3989 parti

383 4014 522 4113 “apud
543 4010 740 4111 Principem
757 4010 877 4110 gratis,
900 4009 1062 4109 periculis
1077 4010 1266 4114 Pomponii
1289 4011 1350 4085 Se·
