3259 5284
482 524 788 597 Auuattuu
822 519 935 596 Lr'a.
964 521 1010 595 ΙΙ.
1207 541 1253 620 95

281 705 312 743 “
329 699 415 790 aliis,
438 725 517 798 quae
540 701 585 773 ad
608 699 765 798 requiem
787 698 910 790 animi,
936 717 996 771 aut
1021 694 1253 774 salubritatem

282 827 515 917 “corporum
544 841 728 916 parentur:
767 821 828 894 nisi
857 817 944 892 forte
972 817 1153 890 clariffimo
1178 818 1253 891 cui-

283 947 311 983 “
329 965 398 1038 que
416 941 530 1036 plures
541 966 654 1030 curas,
678 937 809 1036 majora
823 939 975 1037 pericula
987 936 1176 1022 subeunda3
1191 939 1252 1011 de-

282 1067 310 1103 “
328 1059 513 1132 linimentis
536 1085 695 1132 curarum
727 1065 761 1132 δι
797 1059 1031 1157 periculorum
1065 1058 1254 1132 carendum

283 1185 311 1221 “
329 1180 432 1251 effe.''
480 1179 635 1252 Facilem
663 1177 843 1252 adsensum
868 1179 985 1267 Gallo,
1010 1175 1073 1250 sub
1099 1177 1250 1250 nomini-

281 1299 348 1372 bus
363 1297 527 1388 honestis,
550 1298 713 1372 confeffio
730 1299 895 1372 vitiorum
929 1303 962 1371 δι
988 1296 1171 1372 similitudo
1194 1323 1253 1370 au·

281 1417 453 1491 dientium
486 1419 594 1492 dedit.
652 1417 838 1516 Adjecerat
877 1422 911 1492 δι
943 1415 1119 1506 Tiberius,
1143 1424 1170 1459 “
1183 1443 1254 1490 non

283 1537 364 1610 “id
386 1558 521 1634 tempus
543 1535 714 1611 censurae:
752 1565 831 1628 nec,
869 1535 1000 1634 siquid
1032 1536 1068 1607 in
1100 1537 1254 1610 moribus

283 1663 312 1699 “
328 1657 470 1746 labaret,
496 1656 698 1730 defuturum
723 1656 920 1755 corrigendi
944 1658 1157 1730 autorem?

331 1779 504 1850 XXXIV.
539 1779 661 1850 lutea
681 1804 759 1874 quae
773 1779 819 1850 L.
837 1771 913 1848 Piso
939 1775 1151 1849 “ambitum
1174 1775 1253 1870 fori,

284 1900 485 1993 “corrupta
501 1894 647 1993 judicia,
672 1894 839 1968 saevitiam
867 1914 1046 1968 oratorum
1067 1895 1254 1970 accusatio-

284 2021 390 2088 “nes
413 2014 671 2088 minitantium''
692 2016 884 2112 increpans,
916 2023 941 2058 “
957 2015 1051 2088 abire
1066 2014 1112 2107 se,
1140 2020 1171 2088 δι
1198 2042 1253 2090 ce-

285 2140 313 2177 “
330 2136 412 2208 dere
423 2137 538 2226 Urbe,
568 2136 743 2208 vietumm
770 2134 807 2207 in
834 2135 952 2233 aliquo
976 2136 1095 2208 abdito
1120 2141 1153 2208 &
1177 2138 1254 2210 lon·

284 2260 313 2296 “
331 2254 464 2353 ginquo
485 2257 586 2327 rure''
620 2255 825 2328 testabatur:
866 2255 965 2328 simul
993 2255 1124 2330 curiam
1152 2255 1255 2330 relin-

283 2375 424 2472 quebat.
473 2375 682 2448 Commotus
705 2375 755 2448 est
781 2374 957 2465 Tiberina,
984 2379 1255 2474 &quamquam

283 2495 424 2567 mitibus
448 2495 560 2569 verbis
584 2491 746 2568 Pisonem
773 2496 1013 2593 permulfiffet,
1041 2496 1255 2594 propinquos

285 2639 427 2711 quoque
443 2612 513 2712 ejus
530 2614 684 2711 impulit,
703 2635 742 2688 ut
763 2618 950 2688 abeuntem
974 2615 1171 2689 autoritate
1198 2619 1256 2690 vel

283 2733 446 2830 precibus
469 2752 635 2831 tenerent.
697 2735 808 2807 Haud
847 2732 963 2806 minus
1000 2732 1099 2805 liberi
1127 2734 1256 2808 doloris

282 2853 538 2926 documentum
570 2853 665 2926 idem
686 2852 763 2926 Piso
796 2878 883 2926 mox
916 2851 1026 2941 dedit,
1062 2857 1184 2928 vocata
1219 2855 1255 2928 in

277 2967 336 3068 jus
351 2972 560 3070 Urgulania,
586 2954 693 3070 quam
715 2971 816 3070 supra
840 2974 933 3069 leges
950 2971 1101 3044 amicitia
1116 2973 1255 3070 Augus·

283 3109 327 3163 tae
354 3092 547 3164 extulerat:
583 3117 648 3165 nec
684 3113 743 3165 aut
767 3091 964 3189 Urgulania
988 3093 1255 3189 obtemperavit,

284 3208 483 3283 indomum
506 3208 659 3310 Caesaris,
683 3210 794 3308 spreto
818 3210 952 3302 Pisone,
980 3214 1096 3297 vetta3
1120 3233 1179 3285 aut
1197 3212 1256 3286 ilie

283 3328 423 3418 abstitit,
459 3355 677 3428 quamquam
699 3330 861 3428 Augusta
894 3339 920 3375 “
938 3330 971 3404 se
987 3331 1108 3406 violari
1132 3339 1165 3408 &
1187 3334 1254 3407 im-

285 3454 312 3489 “
334 3446 469 3520 minui''
502 3473 710 3546 quereretur.
759 3451 923 3524 Tiberius
946 3453 1110 3525 haetenus
1138 3452 1254 3528 indul-

285 3591 366 3663 gere
379 3567 481 3639 matri
504 3568 605 3642 civile
622 3591 727 3660 ratus,
749 3591 789 3643 ut
810 3570 885 3644 “se
909 3571 1039 3644 iturum
1064 3571 1109 3644 ad
1129 3594 1255 3668 praeto·

285 3692 313 3743 §⁶
330 3685 375 3758 ris
406 3687 569 3785 tribunal,
610 3688 811 3763 adfuturum
849 3689 1080 3787 Urgulaniae''
1110 3692 1255 3786 diceret,

284 3809 442 3901 proceffit
478 3807 620 3904 palatio,
666 3811 787 3905 procul
811 3807 907 3907 sequi
931 3807 1026 3908 jussis
1057 3810 1252 3887 militibus:

283 3921 511 4021 sperabatur,
548 3927 745 4003 occursante
768 3931 915 4028 popu10,
941 3935 1150 4031 compofitus
1182 3959 1253 4025 ore,

1173 4309 1179 4348 Ι
