3259 5284
494 559 1049 631 Anunarurthra.ll.
1172 584 1236 656 113

274 730 357 803 clun
381 748 456 801 otta
474 731 656 826 tempestas
670 741 803 827 raperet
824 730 1037 826 inabrupta,
1061 731 1238 826 possetque
1312 821 1313 824 Ἴ

273 848 429 921 interitus
445 848 576 920 inimici
587 850 632 921 ad
649 847 763 921 casum
775 845 903 936 referri,
922 847 1047 920 miserit
1069 848 1236 937 triremes,

272 992 423 1062 quarum
438 964 587 1039 subsidio
599 965 786 1038 discrimini
799 965 1019 1054 eximeretur.
1037 967 1163 1063 Neque
1186 987 1237 1038 ta-

273 1110 355 1158 men
378 1085 553 1182 mitigatus
575 1084 667 1174 Piso,
690 1085 728 1157 δι
753 1084 814 1156 virt
849 1084 917 1159 diei
950 1109 1083 1156 moram
1104 1085 1237 1181 perpes-

270 1201 338 1292 sus,
367 1203 492 1299 linquit
516 1202 779 1292 Germanicum,
798 1202 1056 1299 praevenitque:
1083 1204 1121 1274 ἃ
1145 1203 1236 1298 post-

272 1348 378 1419 quam
401 1322 533 1416 Syriam
554 1347 595 1394 ac
620 1321 775 1418 legiones
793 1320 919 1418 attigit,
944 1320 1139 1418 largitione,
1162 1347 1235 1393 am.

271 1441 361 1531 bitu,
384 1440 539 1513 infirmos
563 1438 832 1535 manipularium
863 1435 1035 1534 juvand0,
1070 1441 1152 1510 cum
1176 1465 1236 1512 ve·

271 1577 358 1631 teres
382 1558 612 1647 centuriones,
651 1555 785 1629 severos
826 1555 979 1629 tribunos
1018 1558 1234 1647 demoveret,

271 1679 417 1773 locaque
440 1702 560 1749 eorum
580 1674 761 1748 clientibus
776 1671 856 1764 suis,
886 1677 942 1746 vel
963 1676 1148 1748 deterrimo
1162 1676 1235 1749 cui-

270 1820 340 1890 que
361 1794 576 1883 attribueret,
601 1793 765 1866 defidiam
787 1793 824 1864 in
852 1791 976 1881 castris,
1003 1792 1178 1866 licentiam
1199 1794 1236 1870 in

268 1911 426 2001 urbibus,
443 1937 577 2008 vagum
599 1936 639 1982 ac
652 1909 880 1984 lascivientem
899 1935 961 2006 per
975 1936 1076 2007 agros
1088 1911 1236 1986 militem

269 2035 400 2120 fineret,
429 2029 471 2101 eo
498 2028 606 2127 usque
633 2029 863 2126 cormptionis
887 2031 1067 2125 provedus
1095 2029 1156 2119 est,
1195 2049 1236 2103 ut

266 2148 423 2220 sermone
444 2147 557 2246 vulgi,
574 2167 691 2244 parens
717 2150 863 2246 legionum
885 2149 1077 2219 haberetur.
1155 2151 1235 2224 Nec

266 2267 430 2341 Plancina
465 2267 499 2340 se
534 2268 622 2341 intra
658 2270 784 2341 decora
811 2265 948 2338 feminis
975 2268 1138 2352 tenebat;
1174 2268 1235 2342 sed

265 2386 428 2460 exercitio
441 2387 612 2484 equiturn,
625 2387 824 2460 decursibus
837 2383 1032 2458 cohortium
1053 2388 1231 2468 interesse:

263 2504 301 2576 in
323 2505 568 2602 Agrippinam,
596 2506 633 2575 itt
654 2503 904 2577 Germanicum
932 2507 1155 2579 contumelias
1177 2507 1234 2604 ja·

265 2649 367 2695 cete:
408 2619 614 2715 quibusdam
643 2621 754 2709 ‘etiam
790 2622 966 2691 bonorum
1001 2621 1151 2696 militurn
1187 2627 1234 2697 ad

156 2752 160 2759 '
265 2741 355 2810 mala
371 2735 533 2831 obsequia
546 2736 728 2830 promptis,
754 2734 865 2828 qudd,
890 2742 917 2777 “
934 2737 1026 2806 haud
1038 2737 1149 2810 invito
1166 2740 1232 2812 im·

264 2860 291 2896 “
308 2871 475 2950 peratore,
501 2876 541 2922 ea
562 2850 659 2922 lieri''
683 2853 838 2924 occultus
854 2877 973 2924 mmor
990 2853 1181 2944 incedebat.

311 2971 407 3042 LVI.
432 2971 550 3043 Nora
573 2970 646 3041 haec
668 2968 902 3054 Germanico;
928 2969 986 3042 sed
1011 2972 1165 3066 praeverti
1186 2975 1232 3048 ad

260 3087 445 3162 Armenios
461 3087 730 3179 instantiprcura
745 3086 822 3161 suita
873 3088 1053 3187 Ambigua
1082 3114 1165 3185 gens
1191 3117 1232 3165 ea

260 3207 459 3304 antiquitus,
486 3206 670 3281 hominum
691 3206 854 3304 ingeniis,
893 3211 926 3280 δε
960 3211 1021 3280 fitu
1049 3225 1231 3301 tertarum,

260 3354 332 3425 quo
358 3326 479 3398 nostris
503 3323 686 3422 provinciis
708 3325 775 3397 late
799 3343 973 3422 praetenta,
1012 3326 1148 3421 penitus
1186 3331 1231 3402 ad

259 3447 387 3519 Medos
400 3444 598 3541 porrigitur,
624 3443 853 3539 maximisque
875 3443 1027 3538 imperiis
1049 3443 1230 3542 interjecti,

258 3561 295 3632 δι
309 3559 428 3657 saepius
443 3560 613 3636 discordes
636 3561 726 3652 sunt,
754 3563 918 3634 adversita
936 3543 1116 3636 Romanos
1132 3565 1229 3656 odi0,

260 3683 293 3750 a
318 3679 353 3750 in
373 3680 539 3752 Parthum
567 3681 729 3754 invidia·
770 3685 909 3777 Regem
930 3682 995 3754 'illa
1030 3685 1231 3780 tempestate

259 3820 330 3866 non
355 3798 542 3887 habebant,
567 3819 683 3872 amoto
696 3801 867 3872 Vonone:
893 3798 950 3873 sed
965 3799 1064 3874 favor
1081 3804 1230 3876 nationis

258 3911 444 3989 inclinabat
464 3913 500 3986 in
520 3918 716 4009 Zenonem,
744 3919 941 3993 Polemonis
969 3921 1059 4020 regis
1093 3921 1230 3996 Pontici
1264 4009 1266 4020 Ι

749 4039 767 4110 l
