3259 5284
385 582 457 653 204
617 560 660 635 C.
684 560 922 635 Conuenit
947 563 1129 637 Taerrr

383 726 567 817 frumenta,
594 732 628 801 a
646 728 803 825 pecuniae
832 729 1028 829 vectigales,
1056 752 1168 805 cetera
1196 730 1355 829 publico-

382 872 461 921 rum
478 846 671 939 fruetuum,
696 846 913 923 societatibus
935 849 1094 947 equiturn
1108 856 1354 929 Romanorum

383 965 615 1063 agitabantur.
670 971 743 1041 Res
769 967 842 1042 suas
873 968 985 1041 Caesat
1012 968 1248 1065 spedtatiffimo
1277 971 1355 1045 cui·

383 1112 465 1183 que,
498 1086 706 1184 quibusdam
735 1087 864 1185 ignotis
891 1112 935 1161 ex
952 1084 1043 1162 sama
1069 1092 1278 1178 mandabat:
1305 1090 1355 1165 se·

381 1208 523 1303 melque
539 1206 711 1303 adsumpti
738 1210 963 1293 tenebantur;
979 1302 982 1309 .
991 1206 1122 1304 prorsus
1145 1212 1214 1284 fine
1231 1213 1355 1301 modo,

382 1328 465 1402 clun
482 1326 636 1425 plerique
657 1324 777 1401 iisdem
795 1326 943 1425 negotiis
971 1326 1227 1407 insenescetent.
1276 1332 1356 1403 Ple-

379 1448 441 1519 bes
465 1445 533 1523 acri
550 1446 693 1543 quidem
709 1452 845 1521 annona
861 1446 1092 1545 fatigabatur:
1120 1447 1178 1525 sed
1196 1452 1292 1526 nulla
1315 1449 1352 1523 in

380 1592 425 1641 eo
446 1569 548 1666 culpa
573 1592 617 1639 ex
642 1565 822 1663 principe:
860 1566 945 1664 quin
979 1565 1219 1643 infecunditati
1247 1590 1354 1645 terra·

379 1712 472 1777 rum,
498 1706 557 1759 aut
573 1684 697 1783 asperis
719 1685 821 1759 maris
849 1686 990 1760 obviam
1016 1687 1070 1776 iit,
1098 1710 1270 1785 quantum
1287 1688 1354 1761 im-

380 1806 524 1902 pendio,
549 1806 798 1903 diligentiaque
827 1826 978 1910 poterat:
1021 1808 1068 1879 Et
1094 1833 1138 1881 ne
1165 1807 1354 1905 provincia

380 1928 480 2001 novis
497 1926 660 2000 oneribus
685 1929 918 2015 turbarentur,
943 1946 1053 2023 utque
1069 1946 1197 2017 vetera,
1225 1930 1292 2001 fine
1317 1953 1354 2001 a·

379 2048 500 2121 varitia
523 2067 583 2121 aut
612 2045 813 2119 crudelitate
845 2045 1122 2143 magistratuum,
1157 2048 1353 2138 tolerarent,

379 2167 612 2265 providebat:
638 2191 825 2263 corporum
842 2168 996 2251 verbera,
1019 2165 1261 2263 ademptiones
1290 2166 1353 2241 bo·

378 2311 506 2359 norum
522 2288 677 2359 aberant.

427 2408 507 2480 Vll.
534 2408 644 2478 Ram
675 2429 737 2501 per
763 2402 899 2477 ltaliam
916 2402 1057 2484 Caesaris
1073 2404 1170 2502 agri;
1197 2403 1356 2478 modesta

379 2524 527 2614 servitia,
552 2524 641 2597 intra
658 2549 788 2620 paucos
805 2522 947 2597 libertos
971 2524 1122 2597 domus:
1152 2526 1227 2599 acsi
1244 2550 1355 2620 qtran-

377 2646 524 2719 docum
542 2643 684 2740 privatis
710 2642 929 2739 disceptaret,
956 2640 1071 2717 sorum
1090 2647 1123 2716 br
1143 2640 1214 2739 jus.
1263 2646 1355 2740 Qua

379 2766 519 2854 cuneta,
544 2788 617 2835 non
649 2761 793 2860 quidem
822 2763 914 2843 corni
941 2764 1009 2854 vial,
1035 2762 1093 2835 sed
1115 2761 1287 2852 horridus,
1313 2788 1354 2835 ac

376 2888 584 2983 plerumque
608 2882 829 2972 formidatus,
866 2882 1033 2956 retinebat
1069 2902 1200 2969 tamen,
1238 2883 1353 2956 donec

377 3024 492 3079 morte
524 3004 625 3077 Dtusr
659 3022 897 3080 verterentur:
937 3028 1020 3075 nam
1052 3002 1139 3075 dum
1171 2998 1350 3097 superfuit,

375 3126 558 3208 ¹manaem
585 3114 668 3219 quia
687 3120 839 3219 Sejanus,
866 3120 1052 3218 incipiente
1079 3122 1193 3194 adhuc
1228 3140 1353 3217 poten·

377 3244 438 3331 tid,
478 3242 579 3315 bonis
612 3239 760 3313 consiliis
788 3238 960 3313 notescere
993 3241 1155 3325 volebat;
1193 3244 1226 3313 ἃ
1261 3242 1355 3314 ultor

377 3364 606 3448 metuebatur,
644 3386 717 3431 non
746 3361 905 3431 occultus
932 3359 1018 3450 odii,
1059 3364 1092 3431 bc
1118 3358 1242 3433 crebro
1266 3384 1351 3457 que·

376 3504 468 3568 rens,
496 3486 524 3521 ‘⁶
543 3476 712 3552 incolumi
738 3478 825 3567 filio,
857 3475 1050 3575 adjutorem
1081 3478 1217 3575 imperii
1244 3478 1353 3551 alium

379 3606 407 3642 “
426 3598 569 3671 vocari:
598 3602 631 3671 ἃ
654 3618 823 3695 quantum
844 3596 1008 3693 superesse
1032 3617 1071 3670 ut
1091 3599 1227 3696 collega
1256 3597 1352 3670 dica:

380 3726 407 3763 “
425 3723 508 3791 tur?
535 3718 667 3791 Prima:
695 3717 899 3790 dominandi
927 3714 1002 3813 spes
1025 3716 1059 3789 in
1076 3719 1207 3791 arduo:
1235 3717 1297 3795 ubi
1314 3721 1354 3791 sta

263 3835 266 3844 '
378 3846 406 3883 “
424 3837 606 3935 ingressus,
632 3838 746 3910 adesse
768 3836 878 3911 studia
902 3841 936 3909 ὅτ
958 3837 1154 3914 ministros:
1183 3837 1355 3915 exstrutta

380 3967 407 4018 :⁶
418 3956 509 4059 jam,
534 3956 656 4057 sponte
679 3954 844 4055 praefecti,
871 3956 1002 4043 castra:
1030 3958 1131 4041 datos
1152 3957 1189 4039 in
1207 3980 1355 4039 manunt
