3259 5284
445 664 741 733 Ausnrrum
773 659 883 732 Lrn.
917 658 978 732 Vl.
1173 679 1241 755 305

272 830 440 904 donatus:
468 856 554 903 mox
571 829 711 927 repetitlr
727 829 877 903 amicitis
893 830 998 927 regis,
1025 829 1137 901 multo
1153 829 1248 925 apud

273 968 356 1023 eum
381 952 524 1038 honore,
554 947 733 1045 praefeetus
757 948 905 1044 campis,
935 948 995 1045 qui
1013 949 1190 1043 Euphrate
1213 953 1247 1019 &

272 1068 397 1165 Tigre,
426 1068 562 1141 inclutis
591 1067 764 1156 amnibus,
788 1066 997 1155 circumflui,
1015 1064 1248 1161 Mesopotamiae

272 1212 401 1260 nomen
428 1207 666 1283 acceperunt.⁴
695 1189 824 1282 Neque
851 1184 963 1260 multb
990 1184 1064 1282 pbst
1090 1184 1250 1257 Sinnaces

268 1326 373 1405 auget
403 1306 520 1404 copias
532 1336 543 1392 ;
587 1310 620 1377 ὅτ
653 1306 814 1379 columen
849 1304 999 1401 partium
1034 1301 1248 1399 Abdageses,

272 1452 398 1523 gazam
417 1431 450 1498 ἃ
478 1446 613 1523 paratus
637 1424 750 1523 regios
773 1420 900 1522 adjicit.
949 1421 1111 1495 Vitellius
1134 1421 1250 1495 osten·

272 1548 353 1618 talle
377 1550 541 1619 Romana
568 1570 664 1617 arma
687 1542 764 1616 satis
792 1564 897 1633 ratus,
929 1563 1049 1615 monet
1070 1541 1253 1615 Tiridaten

274 1664 529 1761 primoresque:
558 1666 666 1751 hunc,
697 1670 725 1704 “
742 1663 900 1735 Phraatis
916 1661 973 1734 avi
992 1666 1026 1734 &
1043 1662 1158 1734 altoris
1174 1664 1252 1735 Cae·

260 1791 303 1826 ·“
322 1782 414 1870 saris,
444 1808 522 1879 quae
538 1780 724 1876 utrobique
751 1783 910 1877 pulchra,
939 1780 1181 1855 meminerit:”
1209 1782 1252 1854 il-

275 1902 340 1991 los,
376 1899 626 1997 “obsequium
651 1899 686 1971 in
701 1925 836 1997 regem,
862 1901 1090 1973 reverentiam
1113 1902 1149 1973 in
1173 1927 1251 1991 nos,

277 2026 304 2060 “
325 2020 431 2091 decus
448 2019 592 2116 quisque
609 2016 707 2090 suum
721 2024 754 2091 &
770 2019 877 2091 fidem
894 2018 1115 2091 retinerent.''
1157 2019 1253 2093 Exin

277 2164 363 2211 curn
376 2138 570 2235 legionibus
587 2137 624 2209 in
640 2137 775 2233 Syriam
791 2137 971 2210 remeavit.

323 2258 530 2331 XXXVIII.
565 2260 667 2355 Qun
695 2257 830 2329 duabus
856 2255 1027 2330 aestatibus
1054 2257 1148 2355 gesta
1170 2283 1254 2331 con-

276 2376 387 2470 junxi,
413 2376 485 2474 qud
503 2374 724 2474 requiesceret
740 2375 876 2451 animus
893 2401 913 2447 a
929 2376 1126 2451 domesticis
1142 2378 1253 2451 malis.

276 2498 364 2569 Non
393 2496 486 2569 enim
519 2495 718 2584 Tiberium,
747 2521 962 2593 quamquam
996 2496 1144 2570 triennio
1179 2498 1255 2595 post

282 2616 415 2689 caedem
426 2613 550 2711 sejani,
570 2641 647 2711 quae
665 2636 792 2687 ceteros
810 2614 946 2688 mollire
962 2614 1084 2706 solent,
1100 2635 1253 2715 tempus,

278 2756 408 2829 preces,
435 2731 546 2823 satias,
573 2732 793 2831 mitigabant,
820 2734 906 2831 quin
924 2734 1067 2826 incerta,
1095 2737 1152 2810 vel
1168 2740 1254 2810 abo-

275 2854 350 2941 lita,
383 2876 446 2947 pro
479 2851 680 2949 gravissimis
711 2856 744 2925 &
774 2853 971 2927 recentibus
1001 2853 1146 2951 puniret.
1198 2858 1254 2929 Eo

277 2990 374 3045 metu
399 2970 577 3044 Fulcinius
599 2971 684 3044 Trio
710 2971 907 3069 ingruentes
927 2974 1137 3047 accusatores
1160 2974 1255 3047 haud

278 3090 464 3187 perpessus,
495 3088 660 3187 supremis
692 3090 818 3163 tabulis
850 3094 960 3164 multa
995 3098 1028 3165 &
1058 3093 1186 3165 atrocia
1218 3093 1255 3167 in

276 3212 501 3300 Macronem,
519 3235 559 3282 ac
577 3208 766 3306 praecipuos
782 3210 984 3284 libertomm
999 3211 1139 3286 Caesaris
1155 3238 1253 3287 com-

280 3328 410 3427 posuit;
437 3330 497 3426 ipsr
519 3336 546 3371 ‘⁶
564 3332 698 3401 fluxam
715 3327 806 3401 senio
822 3349 977 3403 mentem
997 3335 1030 3402 &
1049 3332 1254 3409 continuum

279 3457 306 3493 “
325 3449 527 3540 abscessum,
553 3449 649 3521 velut
676 3446 872 3538 exsilium,''
896 3448 1111 3548 objessando.
1161 3452 1254 3552 Qae

278 3572 324 3643 ab
353 3567 535 3641 heredibus
568 3568 751 3656 occultata,
780 3566 916 3641 recitari
931 3568 1110 3643 'Tiberius
1135 3570 1252 3669 juffitr

279 3688 481 3784 patientiam
514 3684 680 3759 libertatis
713 3686 833 3759 alienae
871 3686 1056 3780 ostentans,
1092 3694 1126 3763 ὅτ
1167 3718 1253 3767 con-

279 3824 431 3901 temptor
464 3803 531 3878 suae
572 3803 735 3896 infamiae,
776 3833 820 3879 an
851 3805 1017 3882 scelerum
1050 3807 1162 3906 Sejani
1192 3813 1254 3887 diu

279 3922 425 4014 nescius,
457 3950 543 3997 mox
569 3950 714 4023 quoquo
741 3925 851 3998 modo
869 3926 962 3999 disla
982 3928 1121 4027 vulgari
1144 3932 1252 4035 male-

277 4044 351 4136 bat,
384 4041 618 4141 veritatisque,
648 4043 704 4117 cui
736 4042 889 4119 adulatio
924 4046 1044 4137 officit,
1078 4071 1140 4144 per
1171 4073 1251 4146 pro.
