<?xml version="1.0" encoding="UTF-8"?>
<!DOCTYPE html PUBLIC "-//W3C//DTD XHTML 1.0 Transitional//EN"
    "http://www.w3.org/TR/xhtml1/DTD/xhtml1-transitional.dtd">
<html xmlns="http://www.w3.org/1999/xhtml" xml:lang="en" lang="en">
 <head>
  <title>
</title>
<meta http-equiv="Content-Type" content="text/html;charset=utf-8" />
  <meta name='ocr-system' content='tesseract 3.04.00' />
  <meta name='ocr-capabilities' content='ocr_page ocr_carea ocr_par ocr_line ocrx_word'/>
</head>
<body>
  <div class='ocr_page' id='page_1' title='image "./ccorneliitaciti04freigoog_0266.png"; bbox 0 0 3259 5284; ppageno 0'>
   <div class='ocr_carea' id='block_1_1' title="bbox 377 524 1162 599">
    <p class='ocr_par' dir='ltr' id='par_1_1' title="bbox 377 524 1162 599">
     <span class='ocr_line' id='line_1_1' title="bbox 377 524 1162 599; baseline 0 -2"><span class='ocrx_word' id='word_1_1' title='bbox 377 526 448 599; x_wconf 80' lang='lat'>208</span> <span class='ocrx_word' id='word_1_2' title='bbox 594 524 1162 599; x_wconf 66' lang='lat' dir='ltr'>econtrarrrrem</span> 
     </span>
    </p>
   </div>
   <div class='ocr_carea' id='block_1_2' title="bbox 303 697 1411 4019">
    <p class='ocr_par' dir='ltr' id='par_1_2' title="bbox 303 697 1351 2205">
     <span class='ocr_line' id='line_1_2' title="bbox 370 697 1346 798; baseline 0.004 -27"><span class='ocrx_word' id='word_1_3' title='bbox 370 724 449 772; x_wconf 90' lang='lat' dir='ltr'>rum</span> <span class='ocrx_word' id='word_1_4' title='bbox 467 697 502 770; x_wconf 92' lang='lat' dir='ltr'>in</span> <span class='ocrx_word' id='word_1_5' title='bbox 519 718 710 796; x_wconf 88' lang='lat' dir='ltr'>utrumque</span> <span class='ocrx_word' id='word_1_6' title='bbox 725 700 822 789; x_wconf 90' lang='lat' dir='ltr'>odio,</span> <span class='ocrx_word' id='word_1_7' title='bbox 849 700 1008 798; x_wconf 86' lang='lat' dir='ltr'>quamvis</span> <span class='ocrx_word' id='word_1_8' title='bbox 1041 697 1195 775; x_wconf 86' lang='lat' dir='ltr'>sabulosa</span> <span class='ocrx_word' id='word_1_9' title='bbox 1222 702 1256 771; x_wconf 75' lang='grc' dir='ltr'>ὅτ</span> <span class='ocrx_word' id='word_1_10' title='bbox 1279 700 1346 775; x_wconf 90' lang='lat' dir='ltr'>im·</span> 
     </span>
     <span class='ocr_line' id='line_1_3' title="bbox 372 818 1351 919; baseline 0.003 -28"><span class='ocrx_word' id='word_1_11' title='bbox 372 818 490 891; x_wconf 82' lang='lat' dir='ltr'>mania</span> <span class='ocrx_word' id='word_1_12' title='bbox 516 819 768 892; x_wconf 83' lang='lat' dir='ltr'>credebantur:</span> <span class='ocrx_word' id='word_1_13' title='bbox 794 820 963 893; x_wconf 83' lang='lat' dir='ltr'>atrociore</span> <span class='ocrx_word' id='word_1_14' title='bbox 985 818 1118 916; x_wconf 89' lang='lat' dir='ltr'>semper</span> <span class='ocrx_word' id='word_1_15' title='bbox 1136 818 1230 893; x_wconf 69' lang='lat' dir='ltr'>sarnl</span> <span class='ocrx_word' id='word_1_16' title='bbox 1268 846 1351 919; x_wconf 87' lang='lat' dir='ltr'>erga</span> 
     </span>
     <span class='ocr_line' id='line_1_4' title="bbox 370 936 1348 1037; baseline 0.001 -26"><span class='ocrx_word' id='word_1_17' title='bbox 370 936 630 1011; x_wconf 83' lang='lat' dir='ltr'>dominantium</span> <span class='ocrx_word' id='word_1_18' title='bbox 658 937 784 1011; x_wconf 80' lang='lat' dir='ltr'>exitus.</span> <span class='ocrx_word' id='word_1_19' title='bbox 837 940 937 1012; x_wconf 94' lang='lat' dir='ltr'>Ordo</span> <span class='ocrx_word' id='word_1_20' title='bbox 964 939 1096 1037; x_wconf 80' lang='lat' dir='ltr'>alioqui</span> <span class='ocrx_word' id='word_1_21' title='bbox 1124 937 1259 1012; x_wconf 90' lang='lat' dir='ltr'>sceleris</span> <span class='ocrx_word' id='word_1_22' title='bbox 1287 964 1348 1037; x_wconf 90' lang='lat' dir='ltr'>per</span> 
     </span>
     <span class='ocr_line' id='line_1_5' title="bbox 370 1054 1348 1153; baseline 0 -22"><span class='ocrx_word' id='word_1_23' title='bbox 370 1055 561 1153; x_wconf 85' lang='lat' dir='ltr'>Apicatam</span> <span class='ocrx_word' id='word_1_24' title='bbox 588 1054 700 1153; x_wconf 86' lang='lat' dir='ltr'>Sejani</span> <span class='ocrx_word' id='word_1_25' title='bbox 719 1056 889 1153; x_wconf 88' lang='lat' dir='ltr'>proditus,</span> <span class='ocrx_word' id='word_1_26' title='bbox 915 1058 1097 1131; x_wconf 88' lang='lat' dir='ltr'>tormentis</span> <span class='ocrx_word' id='word_1_27' title='bbox 1128 1058 1280 1131; x_wconf 86' lang='lat' dir='ltr'>Eudemi</span> <span class='ocrx_word' id='word_1_28' title='bbox 1305 1084 1348 1131; x_wconf 85' lang='lat' dir='ltr'>ac</span> 
     </span>
     <span class='ocr_line' id='line_1_6' title="bbox 371 1175 1350 1275; baseline 0.001 -26"><span class='ocrx_word' id='word_1_29' title='bbox 371 1175 495 1273; x_wconf 84' lang='lat' dir='ltr'>Lygdi</span> <span class='ocrx_word' id='word_1_30' title='bbox 522 1175 711 1271; x_wconf 71' lang='lat' dir='ltr'>patefactus</span> <span class='ocrx_word' id='word_1_31' title='bbox 741 1175 811 1248; x_wconf 89' lang='lat' dir='ltr'>est:</span> <span class='ocrx_word' id='word_1_32' title='bbox 855 1201 968 1273; x_wconf 89' lang='lat' dir='ltr'>neque</span> <span class='ocrx_word' id='word_1_33' title='bbox 995 1176 1178 1274; x_wconf 88' lang='lat' dir='ltr'>quisquam</span> <span class='ocrx_word' id='word_1_34' title='bbox 1205 1175 1350 1275; x_wconf 86' lang='lat' dir='ltr'>scriptor</span> 
     </span>
     <span class='ocr_line' id='line_1_7' title="bbox 307 1292 1348 1393; baseline 0 -24"><span class='ocrx_word' id='word_1_35' title='bbox 307 1378 312 1385; x_wconf 49' lang='grc'><strong>,</strong></span> <span class='ocrx_word' id='word_1_36' title='bbox 370 1312 447 1369; x_wconf 86' lang='lat' dir='ltr'>tam</span> <span class='ocrx_word' id='word_1_37' title='bbox 472 1292 624 1369; x_wconf 86' lang='lat' dir='ltr'>infensus</span> <span class='ocrx_word' id='word_1_38' title='bbox 642 1294 787 1384; x_wconf 79' lang='lat' dir='ltr'>exstitit,</span> <span class='ocrx_word' id='word_1_39' title='bbox 810 1314 850 1367; x_wconf 90' lang='lat' dir='ltr'>ut</span> <span class='ocrx_word' id='word_1_40' title='bbox 870 1294 1018 1369; x_wconf 94' lang='lat' dir='ltr'>Tiberio</span> <span class='ocrx_word' id='word_1_41' title='bbox 1039 1293 1241 1393; x_wconf 76' lang='lat' dir='ltr'>objectaret‚</span> <span class='ocrx_word' id='word_1_42' title='bbox 1267 1298 1348 1371; x_wconf 77' lang='lat' dir='ltr'>citm</span> 
     </span>
     <span class='ocr_line' id='line_1_8' title="bbox 371 1414 1347 1513; baseline -0.001 -24"><span class='ocrx_word' id='word_1_43' title='bbox 371 1414 492 1489; x_wconf 87' lang='lat' dir='ltr'>omnia</span> <span class='ocrx_word' id='word_1_44' title='bbox 517 1414 585 1489; x_wconf 78' lang='lat' dir='ltr'>alia</span> <span class='ocrx_word' id='word_1_45' title='bbox 608 1415 864 1511; x_wconf 88' lang='lat' dir='ltr'>conquirerent,</span> <span class='ocrx_word' id='word_1_46' title='bbox 888 1415 1189 1513; x_wconf 88' lang='lat' dir='ltr'>intenderentque.</span> <span class='ocrx_word' id='word_1_47' title='bbox 1252 1416 1347 1490; x_wconf 91' lang='lat' dir='ltr'>Mihi</span> 
     </span>
     <span class='ocr_line' id='line_1_9' title="bbox 371 1533 1347 1632; baseline 0.003 -25"><span class='ocrx_word' id='word_1_48' title='bbox 371 1533 533 1608; x_wconf 83' lang='lat' dir='ltr'>tradendi</span> <span class='ocrx_word' id='word_1_49' title='bbox 548 1534 789 1632; x_wconf 84' lang='lat' dir='ltr'>arguendique</span> <span class='ocrx_word' id='word_1_50' title='bbox 804 1535 953 1608; x_wconf 89' lang='lat' dir='ltr'>rumoris</span> <span class='ocrx_word' id='word_1_51' title='bbox 970 1533 1069 1607; x_wconf 84' lang='lat' dir='ltr'>causa</span> <span class='ocrx_word' id='word_1_52' title='bbox 1096 1533 1177 1625; x_wconf 85' lang='lat' dir='ltr'>suit,</span> <span class='ocrx_word' id='word_1_53' title='bbox 1203 1555 1257 1626; x_wconf 91' lang='lat' dir='ltr'>ut,</span> <span class='ocrx_word' id='word_1_54' title='bbox 1277 1538 1347 1611; x_wconf 80' lang='lat' dir='ltr'>cla·</span> 
     </span>
     <span class='ocr_line' id='line_1_10' title="bbox 369 1626 1347 1753; baseline 0.004 -28"><span class='ocrx_word' id='word_1_55' title='bbox 369 1678 412 1726; x_wconf 90' lang='lat' dir='ltr'>ro</span> <span class='ocrx_word' id='word_1_56' title='bbox 436 1653 499 1727; x_wconf 89' lang='lat' dir='ltr'>sub</span> <span class='ocrx_word' id='word_1_57' title='bbox 513 1655 692 1752; x_wconf 84' lang='lat' dir='ltr'>exemplo,</span> <span class='ocrx_word' id='word_1_58' title='bbox 711 1652 807 1728; x_wconf 85' lang='lat' dir='ltr'>salsas</span> <span class='ocrx_word' id='word_1_59' title='bbox 823 1626 1016 1727; x_wconf 74' lang='lat' dir='ltr'>auditiones</span> <span class='ocrx_word' id='word_1_60' title='bbox 1033 1655 1261 1751; x_wconf 86' lang='lat' dir='ltr'>depellerem,</span> <span class='ocrx_word' id='word_1_61' title='bbox 1287 1682 1347 1753; x_wconf 59' lang='lat' dir='ltr'>pes</span> 
     </span>
     <span class='ocr_line' id='line_1_11' title="bbox 303 1772 1350 1870; baseline 0.001 -24"><span class='ocrx_word' id='word_1_62' title='bbox 303 1784 307 1790; x_wconf 84' lang='grc'><strong><em>’</em></strong></span> <span class='ocrx_word' id='word_1_63' title='bbox 370 1792 551 1870; x_wconf 88' lang='lat' dir='ltr'>teremque</span> <span class='ocrx_word' id='word_1_64' title='bbox 578 1775 624 1847; x_wconf 88' lang='lat' dir='ltr'>ab</span> <span class='ocrx_word' id='word_1_65' title='bbox 651 1772 707 1862; x_wconf 91' lang='lat' dir='ltr'>iis,</span> <span class='ocrx_word' id='word_1_66' title='bbox 743 1798 893 1870; x_wconf 89' lang='lat' dir='ltr'>quorum</span> <span class='ocrx_word' id='word_1_67' title='bbox 923 1772 960 1845; x_wconf 93' lang='lat' dir='ltr'>in</span> <span class='ocrx_word' id='word_1_68' title='bbox 983 1800 1104 1847; x_wconf 88' lang='lat' dir='ltr'>manus</span> <span class='ocrx_word' id='word_1_69' title='bbox 1126 1798 1210 1847; x_wconf 88' lang='lat' dir='ltr'>cura</span> <span class='ocrx_word' id='word_1_70' title='bbox 1234 1776 1350 1847; x_wconf 86' lang='lat' dir='ltr'>nostra</span> 
     </span>
     <span class='ocr_line' id='line_1_12' title="bbox 371 1891 1347 1991; baseline 0.003 -26"><span class='ocrx_word' id='word_1_71' title='bbox 371 1891 517 1983; x_wconf 80' lang='lat' dir='ltr'>venerit,</span> <span class='ocrx_word' id='word_1_72' title='bbox 549 1917 594 1965; x_wconf 87' lang='lat' dir='ltr'>ne</span> <span class='ocrx_word' id='word_1_73' title='bbox 624 1892 808 1991; x_wconf 86' lang='lat' dir='ltr'>divulgata</span> <span class='ocrx_word' id='word_1_74' title='bbox 842 1914 946 1991; x_wconf 88' lang='lat' dir='ltr'>atque</span> <span class='ocrx_word' id='word_1_75' title='bbox 978 1892 1209 1983; x_wconf 89' lang='lat' dir='ltr'>incredibilia,</span> <span class='ocrx_word' id='word_1_76' title='bbox 1243 1896 1347 1968; x_wconf 66' lang='lat' dir='ltr'>avide</span> 
     </span>
     <span class='ocr_line' id='line_1_13' title="bbox 370 2011 1347 2111; baseline -0.002 -24"><span class='ocrx_word' id='word_1_77' title='bbox 370 2033 525 2110; x_wconf 92' lang='lat' dir='ltr'>accepta,</span> <span class='ocrx_word' id='word_1_78' title='bbox 566 2012 670 2104; x_wconf 86' lang='lat' dir='ltr'>veris,</span> <span class='ocrx_word' id='word_1_79' title='bbox 714 2037 829 2110; x_wconf 88' lang='lat' dir='ltr'>neque</span> <span class='ocrx_word' id='word_1_80' title='bbox 863 2012 900 2085; x_wconf 91' lang='lat' dir='ltr'>in</span> <span class='ocrx_word' id='word_1_81' title='bbox 929 2011 1138 2087; x_wconf 87' lang='lat' dir='ltr'>miraculum</span> <span class='ocrx_word' id='word_1_82' title='bbox 1162 2014 1347 2111; x_wconf 86' lang='lat' dir='ltr'>cormptis,</span> 
     </span>
     <span class='ocr_line' id='line_1_14' title="bbox 371 2134 613 2205; baseline 0 0"><span class='ocrx_word' id='word_1_83' title='bbox 371 2134 613 2205; x_wconf 72' lang='lat' dir='ltr'>antehabeant.</span> 
     </span>
    </p>

    <p class='ocr_par' dir='ltr' id='par_1_3' title="bbox 370 2236 1411 4019">
     <span class='ocr_line' id='line_1_15' title="bbox 420 2236 1348 2347; baseline 0.002 -23"><span class='ocrx_word' id='word_1_84' title='bbox 420 2252 505 2324; x_wconf 88' lang='lat' dir='ltr'><strong>XII.</strong></span> <span class='ocrx_word' id='word_1_85' title='bbox 528 2253 727 2324; x_wconf 79' lang='lat' dir='ltr'>Carnnnnr</span> <span class='ocrx_word' id='word_1_86' title='bbox 745 2251 908 2324; x_wconf 83' lang='lat' dir='ltr'>laudante</span> <span class='ocrx_word' id='word_1_87' title='bbox 925 2250 1038 2324; x_wconf 91' lang='lat' dir='ltr'>filium</span> <span class='ocrx_word' id='word_1_88' title='bbox 1059 2236 1124 2347; x_wconf 92' lang='lat' dir='ltr'>pro</span> <span class='ocrx_word' id='word_1_89' title='bbox 1146 2251 1262 2324; x_wconf 86' lang='lat' dir='ltr'>rostris</span> <span class='ocrx_word' id='word_1_90' title='bbox 1283 2253 1348 2327; x_wconf 90' lang='lat' dir='ltr'>Ti·</span> 
     </span>
     <span class='ocr_line' id='line_1_16' title="bbox 373 2368 1344 2467; baseline 0.003 -25"><span class='ocrx_word' id='word_1_91' title='bbox 373 2369 485 2459; x_wconf 92' lang='lat' dir='ltr'>beri0,</span> <span class='ocrx_word' id='word_1_92' title='bbox 507 2368 641 2443; x_wconf 88' lang='lat' dir='ltr'>senatus</span> <span class='ocrx_word' id='word_1_93' title='bbox 666 2368 887 2467; x_wconf 91' lang='lat' dir='ltr'>populusque</span> <span class='ocrx_word' id='word_1_94' title='bbox 910 2369 1072 2441; x_wconf 91' lang='lat' dir='ltr'>habitum</span> <span class='ocrx_word' id='word_1_95' title='bbox 1096 2395 1136 2442; x_wconf 84' lang='lat' dir='ltr'>ac</span> <span class='ocrx_word' id='word_1_96' title='bbox 1154 2395 1257 2445; x_wconf 89' lang='lat' dir='ltr'>voces</span> <span class='ocrx_word' id='word_1_97' title='bbox 1279 2372 1344 2445; x_wconf 89' lang='lat' dir='ltr'>do-</span> 
     </span>
     <span class='ocr_line' id='line_1_17' title="bbox 372 2487 1346 2588; baseline 0.002 -27"><span class='ocrx_word' id='word_1_98' title='bbox 372 2488 508 2562; x_wconf 87' lang='lat' dir='ltr'>lentum</span> <span class='ocrx_word' id='word_1_99' title='bbox 532 2488 746 2562; x_wconf 79' lang='lat' dir='ltr'>simulatione</span> <span class='ocrx_word' id='word_1_100' title='bbox 764 2489 878 2587; x_wconf 84' lang='lat' dir='ltr'>magis</span> <span class='ocrx_word' id='word_1_101' title='bbox 904 2489 1012 2588; x_wconf 68' lang='lat' dir='ltr'>quam</span> <span class='ocrx_word' id='word_1_102' title='bbox 1029 2487 1140 2561; x_wconf 88' lang='lat' dir='ltr'>libens</span> <span class='ocrx_word' id='word_1_103' title='bbox 1163 2488 1346 2583; x_wconf 88' lang='lat' dir='ltr'>induebat,</span> 
     </span>
     <span class='ocr_line' id='line_1_18' title="bbox 370 2608 1348 2706; baseline 0.002 -25"><span class='ocrx_word' id='word_1_104' title='bbox 370 2609 590 2706; x_wconf 90' lang='lat' dir='ltr'>domumque</span> <span class='ocrx_word' id='word_1_105' title='bbox 606 2608 809 2682; x_wconf 87' lang='lat' dir='ltr'>Germanici</span> <span class='ocrx_word' id='word_1_106' title='bbox 824 2608 1025 2682; x_wconf 89' lang='lat' dir='ltr'>revirescere</span> <span class='ocrx_word' id='word_1_107' title='bbox 1042 2608 1170 2681; x_wconf 90' lang='lat' dir='ltr'>occulti</span> <span class='ocrx_word' id='word_1_108' title='bbox 1184 2610 1348 2683; x_wconf 72' lang='lat' dir='ltr'>lataban-</span> 
     </span>
     <span class='ocr_line' id='line_1_19' title="bbox 374 2726 1348 2826; baseline 0.001 -27"><span class='ocrx_word' id='word_1_109' title='bbox 374 2747 440 2802; x_wconf 88' lang='lat' dir='ltr'>tur.</span> <span class='ocrx_word' id='word_1_110' title='bbox 489 2730 597 2826; x_wconf 83' lang='lat' dir='ltr'>Qrod</span> <span class='ocrx_word' id='word_1_111' title='bbox 614 2728 830 2826; x_wconf 92' lang='lat' dir='ltr'>principium</span> <span class='ocrx_word' id='word_1_112' title='bbox 853 2726 992 2816; x_wconf 88' lang='lat' dir='ltr'>favoris,</span> <span class='ocrx_word' id='word_1_113' title='bbox 1015 2732 1049 2801; x_wconf 78' lang='lat' dir='ltr'>dr</span> <span class='ocrx_word' id='word_1_114' title='bbox 1072 2746 1183 2801; x_wconf 88' lang='lat' dir='ltr'>mater</span> <span class='ocrx_word' id='word_1_115' title='bbox 1214 2728 1348 2826; x_wconf 85' lang='lat' dir='ltr'>Agrip-</span> 
     </span>
     <span class='ocr_line' id='line_1_20' title="bbox 372 2846 1349 2947; baseline 0.002 -26"><span class='ocrx_word' id='word_1_116' title='bbox 372 2849 470 2947; x_wconf 89' lang='lat' dir='ltr'>pina,</span> <span class='ocrx_word' id='word_1_117' title='bbox 492 2847 589 2946; x_wconf 89' lang='lat' dir='ltr'>spem</span> <span class='ocrx_word' id='word_1_118' title='bbox 610 2848 701 2921; x_wconf 72' lang='lat' dir='ltr'>male</span> <span class='ocrx_word' id='word_1_119' title='bbox 715 2868 851 2945; x_wconf 84' lang='lat' dir='ltr'>tegens,</span> <span class='ocrx_word' id='word_1_120' title='bbox 882 2846 1072 2943; x_wconf 88' lang='lat' dir='ltr'>perniciem</span> <span class='ocrx_word' id='word_1_121' title='bbox 1096 2846 1349 2923; x_wconf 66' lang='lat' dir='ltr'>adceleravere.</span> 
     </span>
     <span class='ocr_line' id='line_1_21' title="bbox 370 2965 1350 3065; baseline 0.001 -23"><span class='ocrx_word' id='word_1_122' title='bbox 370 2970 468 3043; x_wconf 87' lang='lat' dir='ltr'>Nam</span> <span class='ocrx_word' id='word_1_123' title='bbox 501 2965 653 3065; x_wconf 89' lang='lat' dir='ltr'>Sejanus,</span> <span class='ocrx_word' id='word_1_124' title='bbox 678 2967 740 3041; x_wconf 93' lang='lat' dir='ltr'>ubi</span> <span class='ocrx_word' id='word_1_125' title='bbox 767 2966 865 3039; x_wconf 83' lang='lat' dir='ltr'>videt</span> <span class='ocrx_word' id='word_1_126' title='bbox 896 2984 1046 3039; x_wconf 85' lang='lat' dir='ltr'>mortem</span> <span class='ocrx_word' id='word_1_127' title='bbox 1069 2965 1172 3040; x_wconf 82' lang='lat' dir='ltr'>Drusi</span> <span class='ocrx_word' id='word_1_128' title='bbox 1201 2965 1350 3043; x_wconf 89' lang='lat' dir='ltr'>inultam</span> 
     </span>
     <span class='ocr_line' id='line_1_22' title="bbox 371 3082 1348 3181; baseline -0.001 -20"><span class='ocrx_word' id='word_1_129' title='bbox 371 3086 663 3177; x_wconf 67' lang='lat' dir='ltr'>intersedioribus,</span> <span class='ocrx_word' id='word_1_130' title='bbox 676 3089 744 3159; x_wconf 80' lang='lat' dir='ltr'>sine</span> <span class='ocrx_word' id='word_1_131' title='bbox 756 3110 901 3158; x_wconf 85' lang='lat' dir='ltr'>rnaerore</span> <span class='ocrx_word' id='word_1_132' title='bbox 913 3084 1056 3181; x_wconf 90' lang='lat' dir='ltr'>publico</span> <span class='ocrx_word' id='word_1_133' title='bbox 1070 3086 1150 3176; x_wconf 84' lang='lat' dir='ltr'>else,</span> <span class='ocrx_word' id='word_1_134' title='bbox 1167 3082 1267 3159; x_wconf 86' lang='lat' dir='ltr'>serox</span> <span class='ocrx_word' id='word_1_135' title='bbox 1278 3083 1348 3161; x_wconf 91' lang='lat' dir='ltr'>sce·</span> 
     </span>
     <span class='ocr_line' id='line_1_23' title="bbox 372 3192 1347 3302; baseline -0.001 -23"><span class='ocrx_word' id='word_1_136' title='bbox 372 3209 500 3296; x_wconf 89' lang='lat' dir='ltr'>lerum,</span> <span class='ocrx_word' id='word_1_137' title='bbox 523 3210 557 3279; x_wconf 79' lang='lat' dir='ltr'>dr</span> <span class='ocrx_word' id='word_1_138' title='bbox 576 3205 658 3302; x_wconf 88' lang='lat' dir='ltr'>quia</span> <span class='ocrx_word' id='word_1_139' title='bbox 670 3192 781 3302; x_wconf 90' lang='lat' dir='ltr'>prima</span> <span class='ocrx_word' id='word_1_140' title='bbox 791 3226 1035 3302; x_wconf 86' lang='lat' dir='ltr'>provenerant,</span> <span class='ocrx_word' id='word_1_141' title='bbox 1049 3207 1205 3278; x_wconf 86' lang='lat' dir='ltr'>volutare</span> <span class='ocrx_word' id='word_1_142' title='bbox 1214 3203 1347 3296; x_wconf 89' lang='lat' dir='ltr'>secum,</span> 
     </span>
     <span class='ocr_line' id='line_1_24' title="bbox 371 3323 1348 3424; baseline -0.002 -25"><span class='ocrx_word' id='word_1_143' title='bbox 371 3351 527 3424; x_wconf 91' lang='lat' dir='ltr'>quonam</span> <span class='ocrx_word' id='word_1_144' title='bbox 544 3326 652 3397; x_wconf 93' lang='lat' dir='ltr'>modo</span> <span class='ocrx_word' id='word_1_145' title='bbox 668 3323 870 3397; x_wconf 88' lang='lat' dir='ltr'>Germanici</span> <span class='ocrx_word' id='word_1_146' title='bbox 886 3323 1012 3397; x_wconf 87' lang='lat' dir='ltr'>liberos</span> <span class='ocrx_word' id='word_1_147' title='bbox 1029 3342 1249 3421; x_wconf 91' lang='lat' dir='ltr'>perverteret,</span> <span class='ocrx_word' id='word_1_148' title='bbox 1260 3349 1348 3420; x_wconf 94' lang='lat' dir='ltr'>quo·</span> 
     </span>
     <span class='ocr_line' id='line_1_25' title="bbox 372 3442 1349 3542; baseline -0.001 -23"><span class='ocrx_word' id='word_1_149' title='bbox 372 3470 452 3519; x_wconf 88' lang='lat' dir='ltr'>rum</span> <span class='ocrx_word' id='word_1_150' title='bbox 474 3470 548 3517; x_wconf 91' lang='lat' dir='ltr'>non</span> <span class='ocrx_word' id='word_1_151' title='bbox 563 3443 672 3518; x_wconf 87' lang='lat' dir='ltr'>dubia</span> <span class='ocrx_word' id='word_1_152' title='bbox 691 3442 851 3518; x_wconf 82' lang='lat' dir='ltr'>successio</span> <span class='ocrx_word' id='word_1_153' title='bbox 867 3472 876 3514; x_wconf 76' lang='grc' dir='ltr'>ε</span> <span class='ocrx_word' id='word_1_154' title='bbox 901 3468 1016 3542; x_wconf 89' lang='lat' dir='ltr'>neque</span> <span class='ocrx_word' id='word_1_155' title='bbox 1035 3442 1150 3541; x_wconf 87' lang='lat' dir='ltr'>spargi</span> <span class='ocrx_word' id='word_1_156' title='bbox 1173 3468 1349 3518; x_wconf 88' lang='lat' dir='ltr'>venenum</span> 
     </span>
     <span class='ocr_line' id='line_1_26' title="bbox 372 3561 1349 3660; baseline 0 -26"><span class='ocrx_word' id='word_1_157' title='bbox 372 3564 410 3635; x_wconf 92' lang='lat' dir='ltr'>in</span> <span class='ocrx_word' id='word_1_158' title='bbox 425 3583 493 3636; x_wconf 85' lang='lat' dir='ltr'>tres</span> <span class='ocrx_word' id='word_1_159' title='bbox 510 3580 657 3659; x_wconf 87' lang='lat' dir='ltr'>poterat,</span> <span class='ocrx_word' id='word_1_160' title='bbox 683 3562 825 3660; x_wconf 78' lang='lat' dir='ltr'>egregirl</span> <span class='ocrx_word' id='word_1_161' title='bbox 843 3562 1026 3635; x_wconf 91' lang='lat' dir='ltr'>custodum</span> <span class='ocrx_word' id='word_1_162' title='bbox 1049 3564 1133 3653; x_wconf 88' lang='lat' dir='ltr'>side,</span> <span class='ocrx_word' id='word_1_163' title='bbox 1158 3566 1191 3634; x_wconf 69' lang='grc' dir='ltr'><strong>ἃ</strong></span> <span class='ocrx_word' id='word_1_164' title='bbox 1209 3561 1349 3659; x_wconf 89' lang='lat' dir='ltr'>pudici·</span> 
     </span>
     <span class='ocr_line' id='line_1_27' title="bbox 373 3680 1348 3779; baseline 0.001 -24"><span class='ocrx_word' id='word_1_165' title='bbox 373 3681 422 3755; x_wconf 75' lang='lat' dir='ltr'>tid</span> <span class='ocrx_word' id='word_1_166' title='bbox 443 3680 651 3779; x_wconf 78' lang='lat' dir='ltr'>Agrippinae</span> <span class='ocrx_word' id='word_1_167' title='bbox 675 3680 945 3777; x_wconf 83' lang='lat' dir='ltr'>impenetrabili.</span> <span class='ocrx_word' id='word_1_168' title='bbox 994 3680 1106 3779; x_wconf 87' lang='lat' dir='ltr'>Igitur</span> <span class='ocrx_word' id='word_1_169' title='bbox 1130 3682 1348 3756; x_wconf 87' lang='lat' dir='ltr'>contumaci·</span> 
     </span>
     <span class='ocr_line' id='line_1_28' title="bbox 372 3798 1349 3899; baseline 0.001 -27"><span class='ocrx_word' id='word_1_170' title='bbox 372 3826 431 3888; x_wconf 82' lang='lat' dir='ltr'>am</span> <span class='ocrx_word' id='word_1_171' title='bbox 454 3798 526 3897; x_wconf 86' lang='lat' dir='ltr'>ejus</span> <span class='ocrx_word' id='word_1_172' title='bbox 548 3798 718 3892; x_wconf 74' lang='lat' dir='ltr'>insectari,</span> <span class='ocrx_word' id='word_1_173' title='bbox 751 3821 849 3874; x_wconf 90' lang='lat' dir='ltr'>vetus</span> <span class='ocrx_word' id='word_1_174' title='bbox 872 3800 1039 3899; x_wconf 79' lang='lat' dir='ltr'>Augustae</span> <span class='ocrx_word' id='word_1_175' title='bbox 1070 3801 1208 3893; x_wconf 90' lang='lat' dir='ltr'>odium,</span> <span class='ocrx_word' id='word_1_176' title='bbox 1230 3826 1349 3875; x_wconf 87' lang='lat' dir='ltr'>recen·</span> 
     </span>
     <span class='ocr_line' id='line_1_29' title="bbox 373 3917 1411 4019; baseline -0.001 -26"><span class='ocrx_word' id='word_1_177' title='bbox 373 3941 447 3994; x_wconf 88' lang='lat' dir='ltr'>tem</span> <span class='ocrx_word' id='word_1_178' title='bbox 475 3918 591 3994; x_wconf 88' lang='lat' dir='ltr'>Liviae</span> <span class='ocrx_word' id='word_1_179' title='bbox 625 3917 870 3995; x_wconf 87' lang='lat' dir='ltr'>conscientiam</span> <span class='ocrx_word' id='word_1_180' title='bbox 894 3918 1085 4019; x_wconf 85' lang='lat' dir='ltr'>exagitare,</span> <span class='ocrx_word' id='word_1_181' title='bbox 1117 3942 1157 3995; x_wconf 89' lang='lat' dir='ltr'>ut</span> <span class='ocrx_word' id='word_1_182' title='bbox 1193 3926 1221 3963; x_wconf 88' lang='lat'><strong>“</strong></span> <span class='ocrx_word' id='word_1_183' title='bbox 1234 3918 1349 4017; x_wconf 91' lang='lat' dir='ltr'>super·</span> <span class='ocrx_word' id='word_1_184' title='bbox 1407 3962 1411 3969; x_wconf 41' lang='grc' dir='ltr'><em>ι</em></span> 
     </span>
    </p>
   </div>
   <div class='ocr_carea' id='block_1_3' title="bbox 0 0 1634 5284">
    <p class='ocr_par' dir='ltr' id='par_1_4' title="bbox 0 0 1634 5284">
     <span class='ocr_line' id='line_1_30' title="bbox 0 0 1634 5284; baseline 0 0"><span class='ocrx_word' id='word_1_185' title='bbox 0 0 1634 5284; x_wconf 95' lang='lat' dir='ltr'> </span> 
     </span>
    </p>
   </div>
  </div>
 </body>
</html>
