3259 5284
1159 672 1237 751 xvii

249 848 443 923 bilominus
470 844 641 921 utilissrma
667 845 733 936 est,
765 844 863 944 quod
890 843 1073 940 complura
1104 844 1232 918 veteris

247 966 425 1064 scripturae
465 966 502 1040 in
534 964 783 1040 recentioribus
810 962 1021 1038 editionibus
1051 988 1231 1061 perperam

248 1085 441 1160 immutatae
459 1085 607 1185 vestigia
622 1084 776 1159 retineat.
795 1090 817 1136 ²*

298 1203 499 1279 Franciscus
515 1207 797 1294 Panormus,
821 1204 1026 1293 Parmenfis,
1053 1201 1232 1277 literarum

250 1324 480 1421 petitiffimus,
509 1326 654 1397 alteram
670 1322 860 1397 editionem
876 1334 905 1413 ¹,
929 1322 999 1395 vital
1018 1322 1103 1417 Julii
1120 1323 1228 1421 Agri·

249 1444 337 1515 colae
358 1445 509 1532 auctam,
534 1442 733 1516 Mediolani
762 1442 965 1540 publicavit.
1015 1444 1051 1513 N
1055 1441 1230 1515 itidiorem

251 1561 522 1660 politioremque
542 1562 708 1635 Tacitum
725 1559 820 1650 fecit,
848 1582 925 1634 tum
953 1559 1034 1651 suis,
1061 1580 1138 1634 tum
1163 1563 1229 1635 Be·

247 1679 376 1753 rardini
392 1681 560 1771 lanterii,
585 1680 902 1755 Mediolanensrum
919 1700 1019 1753 aetate
1035 1678 1093 1753 sui
1110 1678 1228 1753 erudi·

250 1798 378 1890 tiffimi,
404 1798 612 1895 conjecturis
629 1800 768 1873 duduc.
816 1798 909 1873 Usus
925 1799 975 1873 est
993 1824 1136 1896 quoque
1158 1798 1230 1873 Ms.

251 1918 567 1993 codiceGenuensr.
600 1918 894 1993 Tacitumautcm
910 1943 1016 1991 nemo
1030 1918 1153 1991 melius
1164 1943 1229 1991 no·

251 2036 622 2135 vit‚veril1sexpreffit.
657 2036 744 2135 Ejus
753 2036 941 2136 judicium,
955 2037 1078 2128 cuivis,
1091 2040 1139 2109 ob
1149 2036 1230 2111 libri

251 2156 435 2248 raritatem,
462 2182 535 2229 non
561 2156 609 2230 ita
624 2158 787 2247 obvium,
813 2158 908 2231 silere
931 2155 1038 2230 nefas.
1088 2158 1231 2245 Omnem,

159 2361 164 2369 ,
250 2274 379 2373 inquit,
404 2278 442 2347 hi
463 2280 543 2349 oric.
559 2279 655 2373 Iegem
675 2275 822 2351 absolvit
837 2275 982 2350 Tacitus
1000 2328 1122 2349 .....
1149 2274 1233 2347 nibil

238 2396 324 2490 jafi
346 2396 459 2481 dicere,
485 2397 568 2466 nihil
587 2400 661 2467 veri
688 2401 828 2468 omittere
858 2420 898 2466 au
912 2422 959 2467 us.
1009 2384 1055 2467 Iri
1062 2396 1228 2489 scribendo

245 2518 328 2588 enim
343 2516 547 2610 nesrgspeilm
560 2516 682 2610 quidem
706 2540 849 2611 umqtmm
859 2517 934 2607 fuit
948 2527 1006 2587 aret
1016 2518 1144 2611 gratie,
1169 2528 1228 2587 aut

238 2636 399 2731 stmuitari
410 2636 532 2730 aliquid
544 2634 692 2726 tribuiffe.
740 2635 860 2707 Rerum
885 2638 1045 2720 rationem,
1072 2634 1134 2729 quei
1158 2636 1229 2711 crdo

249 2770 428 2852 temporum,
451 2757 605 2849 regionum
631 2754 793 2850 descriptio
817 2756 965 2848 exigitur,
997 2776 1080 2825 nemo
1104 2753 1229 2845 histori-

293 2997 304 3025 ¹
324 2992 401 3052 Huic
426 3012 536 3071 quoque
551 2991 669 3053 editioni
691 2992 765 3051 nulla
776 2990 814 3049 est
826 2988 952 3068 adjuncta
961 2988 1029 3058 loci,
1047 2989 1126 3061 anni,
1145 3002 1226 3071 typo·

250 3090 349 3171 graphi
362 3104 438 3152 nota.
469 3092 538 3151 Earn
551 3106 641 3151 tamen
655 3090 811 3151 Mediolani
825 3087 952 3169 prodiiffe
965 3088 1037 3146 baud
1049 3088 1165 3149 dubium
1177 3092 1226 3164 est,

252 3191 317 3250 citor
329 3206 420 3249 cetera
433 3190 573 3251 Puteolani
585 3211 669 3271 opera
681 3187 711 3249 in
724 3189 776 3250 bac
790 3189 857 3249 urbe
870 3188 967 3249 excusa
977 3190 1040 3259 fint,
1058 3188 1089 3247 in
1099 3191 1152 3268 quit
1165 3211 1226 3249 ora·
1333 3212 1334 3217 ¹

250 3291 350 3349 toriam
368 3307 454 3349 artem
469 3289 567 3369 magui
579 3311 642 3373 corn
654 3289 735 3348 laude
748 3289 935 3367 ptolitcbatnt.
968 3288 1132 3349 Puteolanus
1144 3290 1226 3350 addi·

250 3390 293 3449 dit
312 3388 410 3449 Vitam
427 3388 496 3466 Julii
522 3389 680 3468 Agricolam
698 3388 850 3448 Annalium
870 3408 977 3468 quoque
995 3394 1022 3447 δι
1041 3388 1226 3452 Historiarum

250 3489 337 3550 libror
346 3509 382 3548 ex
399 3489 454 3548 Mt
468 3487 566 3548 codice
578 3489 716 3548 Genuenfi
733 3487 884 3547 recensuit:
904 3488 977 3548 unde
994 3487 1129 3548 summum
1142 3488 1226 3551 debet

252 3590 304 3649 effe
327 3588 399 3668 apud
420 3588 564 3648 literatum
585 3604 718 3647 amatotec
741 3587 821 3666 bujut
841 3584 973 3646 editionis
994 3588 1125 3666 pretium,
1151 3610 1234 3668 quam

252 3688 340 3749 miror
352 3689 487 3749 librorum
501 3687 635 3747 rariorum
648 3686 858 3765 indagatoribus
870 3685 949 3745 fuisse
959 3684 1141 3765 incognitam.
1166 3688 1227 3749 Ex.

250 3788 300 3847 ilat
312 3788 418 3847 Parir'rir
429 3787 460 3847 in
473 3786 646 3847 Bibliotheca
657 3785 756 3845 sanetae
767 3784 936 3845 Genoresae:
956 3805 1028 3855 eam,
1048 3805 1101 3864 pro
1117 3786 1162 3847 soi
1175 3789 1227 3849 bu·

251 3887 394 3957 inanitate,
413 3886 533 3948 literaria
544 3886 673 3946 omuibus
691 3884 760 3943 viria
775 3883 925 3964 comperti,
946 3904 1052 3944 mecum
1072 3887 1226 3947 communi.

250 3986 325 4047 cavit
346 3986 574 4057 erinnem,
592 3984 659 4045 huic
678 3982 860 4045 Bibunhecae
876 3982 1024 4063 prefectum
1063 3982 1168 4047 Rocosa
1188 3988 1225 4048 est

254 4085 472 4156 Venetiicannia
489 4106 561 4169 ¹⁴97
576 4092 603 4145 de
617 4106 702 4168 ¹5¹²·

756 4185 782 4258 b
