3259 5284
461 585 783 668 Anunnruru
817 577 1003 681 erl.
1174 598 1217 674 ις

240 755 271 798 “
296 751 357 826 sed
384 771 424 824 ut
450 750 507 826 sua
532 749 737 824 consessrone
762 767 974 850 argueretur,
1008 772 1120 820 unum
1151 749 1220 824 effe

242 879 273 915 “
299 870 497 968 reipublicae
526 896 663 967 corpus,
689 891 796 967 atque
820 868 922 942 unius
950 866 1068 940 animo
1095 891 1216 966 regen-

245 1000 273 1036 “
301 993 424 1065 dum.''
472 991 622 1064 Addidit
654 991 794 1064 laudem
810 989 856 1060 de
872 987 1045 1086 Augusto,
1079 986 1217 1060 Tiberi-

244 1109 396 1209 umque¹
414 1109 527 1208 ipsum
555 1109 775 1183 visionamm
808 1107 959 1197 suarum,
1000 1131 1149 1204 quaque
1181 1107 1218 1178 in

245 1233 330 1328 togfi
346 1255 405 1327 per
420 1249 472 1302 tot
484 1255 590 1302 annos
603 1228 740 1330 egregie
756 1227 900 1318 fecisset,
914 1225 1106 1300 admonuit.
1138 1227 1218 1301 Nec

249 1349 329 1422 ideo
344 1350 431 1423 iram
463 1347 534 1446 ejus
560 1349 695 1438 lenivit,
719 1348 854 1446 pridem
872 1344 1012 1434 invisus,
1037 1364 1219 1442 tamquam

248 1469 353 1552 dudd
387 1468 424 1542 in
456 1468 716 1548 matrimonium
747 1467 919 1564 Vipsanis,
958 1469 1016 1539 Μ.
1051 1464 1219 1573 Agrippae

249 1587 335 1680 fisis,
362 1613 441 1684 quae
468 1589 647 1684 quondam
673 1586 808 1665 Tiberii
852 1613 943 1661 uxor
975 1584 1097 1673 suerat,
1129 1581 1222 1679 plus-

249 1733 358 1804 quam
374 1706 490 1781 civilia
506 1707 662 1805 agitaret,
684 1705 919 1806 Pollionisque
951 1703 1076 1793 Asinii,
1102 1700 1220 1808 patris,

234 1805 412 1900 'ferociam
434 1826 603 1900 retineret.

298 1946 397 2020 XIII.
422 1948 522 2020 Posr
550 1972 642 2032 oum
669 1948 716 2018 L.
734 1945 933 2034 Arruntius,
956 1946 1050 2018 haud
1072 1943 1225 2018 multum

251 2063 445 2162 discrepans
487 2091 508 2138 a
549 2065 642 2139 Galli
682 2065 848 2156 oratione,
886 2065 1026 2162 perinde
1066 2062 1224 2136 offendit.

251 2185 479 2281 Qramquam
496 2183 639 2260 Tiberio
651 2187 747 2258 nulla
763 2205 862 2260 vetus
879 2183 915 2256 in
932 2181 1137 2257 Arruntium
1154 2180 1222 2254 ira:

253 2298 312 2374 sod
327 2300 489 2392 divitem,
516 2323 731 2400 promptum,
757 2303 886 2376 artibus
902 2301 1061 2402 egregiis,
1088 2304 1121 2375 δι
1152 2301 1225 2400 pari

253 2418 346 2494 fama
362 2421 517 2518 publice,
539 2420 762 2519 suspeciabat.
812 2421 956 2521 Qippe
972 2421 1150 2520 Augustus
1170 2421 1225 2495 su-

253 2540 384 2640 premis
400 2537 612 2614 sermonibus'
629 2541 710 2614 cum
727 2542 897 2629 trasiaret,
918 2539 1062 2637 quinam
1083 2541 1226 2639 adipisci

253 2659 448 2760 principem
464 2661 581 2734 locum
598 2657 769 2732 suffemui
785 2661 987 2750 abnuerent,
1005 2679 1064 2732 aut
1081 2660 1228 2757 impares

254 2777 399 2868 vellent,
413 2780 469 2851 vel
482 2777 589 2852 iidem
607 2780 740 2875 possent
757 2798 1014 2875 cuperentque:
1043 2784 1070 2820 “
1082 2781 1139 2852 M.
1156 2781 1227 2852 La·

257 2902 286 2938 “
311 2895 460 2992 pidum''
483 2897 617 2970 dixerat
645 2904 672 2987 ‘.‘
690 2923 868 2994 capacem,
891 2895 948 2968 sed
965 2894 1225 2992 aspernantem:

249 3021 285 3108 ‚“
311 3017 455 3094 Gallum
484 3017 658 3105 Asinium,
691 3015 851 3104 avidum,
884 3035 920 3086 at
947 3014 1141 3093 minorem:
1181 3019 1228 3090 L.

258 3142 287 3177 “
312 3135 532 3226 Anuntium,
555 3161 627 3209 non
643 3135 844 3233 indignum,
862 3137 910 3224 ἃ,
929 3137 952 3207 sr
969 3131 1063 3208 casus
1078 3135 1229 3227 daretur,

258 3261 286 3296 “
311 3253 507 3328 ausurum.”
557 3255 613 3328 De
630 3253 799 3351 prioribus
817 3253 1036 3328 consentitur.
1077 3255 1145 3327 Pro
1161 3261 1229 3328 Ar-

254 3373 370 3446 mntio
391 3373 536 3472 quidam
552 3374 619 3448 Cn.
640 3370 799 3450 Pisonem
816 3373 1007 3446 tradidere:
1042 3371 1230 3471 omnesque

256 3511 378 3594 praeter
393 3492 587 3589 Lepidum,
614 3491 715 3568 variis
743 3518 828 3570 mox
845 3491 1060 3584 criminibus,
1082 3493 1231 3566 struente

258 3612 415 3704 Tiberio,
439 3611 667 3688 circumventi
693 3610 781 3685 sunt.
832 3611 951 3685 Etiam
977 3617 1034 3709 Q
1050 3612 1229 3704 Haterius,

258 3735 292 3810 dt
319 3733 518 3805 Mamercus
543 3731 701 3820 Scaurus,
735 3729 942 3828 suspicacem
968 3731 1125 3804 animum
1154 3757 1230 3830 pcr-

256 3849 440 3926 strinxsre:
464 3849 629 3923 Haterius
646 3851 728 3922 cum
745 3850 898 3940 dixiffet,
924 3858 951 3894 “
962 3849 1153 3950 Qrousque
1170 3877 1230 3948 pa-

259 3976 287 4026 “
312 3969 418 4061 tieris,
445 3967 569 4068 Cesar,
603 3995 675 4044 non
701 3971 812 4046 adesse
839 3992 944 4070 caput
978 3969 1176 4072 reipublicae
1192 3972 1232 4053 ξ’·
