3259 5284
374 639 439 692 102
598 613 641 689 C.
664 612 903 686 Connstrr
928 613 1108 686 Tncrrr

370 786 459 860 beris
480 785 644 860 onustus:
670 784 729 858 sed
750 785 882 859 suberat
906 786 1042 860 occulta
1063 782 1214 857 formido
1239 807 1342 880 repu-

369 906 535 997 tantibus,
566 908 706 978 “haud
728 903 930 1004 prosperum
953 904 989 978 in
1014 901 1127 976 Druso
1150 923 1246 998 patre
1272 901 1342 998 ejus

369 1031 399 1070 “
417 1024 572 1098 savorem
605 1025 728 1122 vulgi:
759 1025 974 1100 avunculum
1006 1023 1157 1122 ejusdem
1189 1023 1341 1094 Marcel·

372 1145 492 1218 “lum
517 1144 741 1242 flagrantibus
770 1145 881 1241 plebis
910 1142 1030 1216 studiis
1057 1143 1144 1215 intra
1160 1139 1342 1239 juventam

372 1269 400 1305 “
419 1283 601 1360 ereptum:
637 1266 756 1336 breves
786 1263 1012 1336 &infaustos
1041 1261 1161 1366 populi
1190 1259 1345 1335 Romani

369 1390 401 1427 “
419 1385 591 1456 amores.''

418 1505 536 1580 XLII.
554 1505 753 1577 cernuum
769 1503 946 1593 Tiberius,
965 1501 1108 1578 nomine
1124 1499 1339 1590 Germanici,

365 1643 522 1697 trecenos
540 1623 634 1718 plebi
651 1622 813 1696 sestertios
830 1622 959 1697 viritim
976 1623 1087 1710 dedit,
1113 1621 1217 1718 seque
1234 1620 1339 1692 colle-

368 1769 451 1846 gam
474 1739 664 1818 consulatui
686 1740 758 1839 ejus
779 1742 989 1817 destinavit:
1020 1765 1086 1814 nec
1108 1739 1188 1812 ideo
1205 1743 1341 1812 srncerae

366 1860 513 1935 caritatis
533 1863 641 1933 sidem
665 1861 859 1951 adsecutus,
884 1861 1021 1934 amoliri
1040 1859 1209 1958 juvenem
1232 1857 1342 1956 specie

335 2061 339 2066 ,
366 1980 508 2053 honoris
524 1980 652 2070 statuit,
667 1980 863 2077 struxitque
879 1979 1008 2070 causas,
1028 1999 1086 2053 aut
1104 1978 1194 2052 sorte
1210 1979 1342 2050 oblatas

367 2099 523 2197 arripuit.
583 2103 666 2173 Rex
695 2101 887 2174 Archelaus
920 2100 1246 2198 quinquagesimum
1279 2123 1341 2170 an-

367 2245 455 2292 num
494 2219 716 2314 Cappadocia
758 2220 970 2317 potiebatur,
1014 2217 1141 2292 invisus
1181 2216 1339 2307 Tiberio,

367 2337 465 2434 quod
499 2362 581 2410 eum
615 2339 736 2410 Rhodi
769 2359 931 2436 agentem
965 2341 1064 2412 nullo
1096 2337 1212 2411 officio
1245 2337 1341 2410 colu-

366 2455 465 2532 isset:
498 2481 561 2532 nec
588 2455 625 2529 id
652 2459 845 2531 Archelaus
872 2483 932 2555 per
953 2455 1147 2555 superbiam
1169 2454 1341 2546 omiserat,

364 2571 425 2648 sed
452 2579 497 2648 ab
525 2574 655 2650 intimis
685 2577 836 2674 Augusti
866 2577 1044 2664 monitus;
1084 2578 1167 2675 quia
1198 2580 1342 2650 florente

365 2695 408 2767 C.
431 2694 577 2786 Caesare,
606 2695 774 2794 missoque
801 2697 846 2770 ad
872 2723 923 2770 res
947 2697 1114 2788 Orientis,
1141 2698 1252 2770 intuta
1274 2694 1339 2768 Ti·

364 2815 448 2888 berii
481 2815 634 2888 amicitia
666 2817 880 2890 credebatur.
941 2821 1009 2909 Ut,
1044 2819 1140 2894 versd
1170 2812 1342 2890 Caesarum

365 2931 497 3024 sobole,
530 2934 715 3031 imperium
745 2938 890 3033 adeptus
918 2937 980 3028 est,
1011 2937 1103 3011 elicit
1132 2938 1342 3012 Archelaum
1381 2973 1384 2980 ·

358 3054 483 3128 matris
513 3053 632 3144 literis,
668 3081 762 3152 quae,
795 3081 866 3129 non
895 3055 1110 3130 dissimulatis
1139 3055 1202 3128 filii
1231 3055 1340 3128 offen-

363 3173 529 3263 sonibus,
559 3175 780 3246 clementiam
802 3177 982 3267 offerebat,
1009 3181 1031 3249 fi
1057 3177 1100 3248 ad
1128 3177 1340 3272 precandum

364 3292 522 3365 veniret:
553 3292 612 3363 ille
635 3293 774 3390 ignarus
796 3295 884 3385 doli,
915 3298 971 3367 vel
999 3299 1021 3368 sr
1048 3295 1240 3394 intelligere
1266 3318 1339 3368 cre-

362 3412 502 3484 deretur
528 3409 603 3482 vim
630 3432 802 3504 metuens,
834 3415 870 3487 in
899 3417 1036 3489 Urbem
1064 3433 1243 3514 properat:
1277 3439 1339 3485 ex-

363 3528 552 3627 ceptusque
574 3531 701 3605 immiti
723 3560 744 3605 a
765 3534 933 3631 principe,
958 3539 1095 3609 &mox
1112 3534 1283 3609 accusatus
1301 3532 1338 3604 in

362 3647 501 3734 senatu3
531 3677 601 3724 non
621 3655 670 3726 ob
691 3652 840 3726 crimina
858 3681 935 3752 quae
953 3657 1185 3753 fingebantur,
1203 3653 1261 3726 sed
1278 3679 1339 3726 an-

364 3793 462 3866 gore,
482 3773 580 3842 sunul
597 3771 698 3844 sessus
715 3771 821 3865 senio,
842 3781 876 3848 δι
894 3775 976 3873 quia
992 3777 1131 3874 regibus
1148 3799 1261 3871 aequa,
1279 3797 1339 3845 ne-

362 3889 450 3959 dum
468 3889 602 3980 infima,
629 3890 764 3965 insolita
779 3892 870 3985 sunt,
894 3896 1003 3968 finem
1020 3893 1115 3984 vitae',
1135 3893 1269 3991 sponte,
1296 3917 1342 3972 an

361 4005 434 4091 sato
450 4006 622 4108 implevit.
673 4016 843 4116 Regnum
865 4013 901 4088 in
924 4013 1140 4116 provinciam
1162 4013 1340 4092 redaslum
