3259 5284
495 562 799 632 Ammon
831 556 944 627 Ltn.
980 554 1041 626 IV.
1191 578 1259 651 203

287 735 370 810 dine
391 733 507 808 nostrai
524 750 756 831 proteguntur
777 730 963 804 advershm
985 748 1126 803 externa
1149 727 1261 827 impess

285 856 352 930 ria.
404 856 451 927 Et
479 852 668 927 Thraciam
695 852 971 941 Rhoemetalces,
1001 876 1041 923 ac
1069 848 1168 923 liberi
1193 851 1263 923 Co·

287 975 381 1071 tyis3
407 973 590 1072 ripamque
615 970 784 1059 Danubii,
810 969 991 1069 legionum
1013 971 1091 1042 duae
1109 970 1145 1042 in
1172 972 1263 1043 Pan-

290 1094 410 1185 nonii,
436 1094 515 1167 duae
533 1092 571 1165 in
598 1094 728 1165 Moefit
752 1090 971 1173 attinebant:
999 1088 1149 1163 totidem
1171 1092 1266 1188 apud
1344 1116 1347 1125 ¹

289 1212 505 1288 Dalmatiam
532 1210 665 1300 locatis,
693 1235 773 1307 quae
802 1212 914 1307 positu
941 1207 1093 1307 regionis
1122 1236 1141 1282 a
1164 1229 1266 1308 tergo

289 1334 371 1424 illis,
396 1356 452 1423 ac,
479 1336 502 1406 fi
532 1331 752 1429 repentinum
781 1330 950 1405 auxilium
981 1327 1079 1401 ltalia
1099 1327 1263 1425 posceret,

288 1454 385 1528 haud
419 1454 542 1550 procul
576 1451 781 1525 accirentur.
847 1452 1075 1547 Qtarnquam
1108 1448 1266 1521 insideret

223 1556 229 1568 ’
290 1574 432 1646 Urbem
450 1570 611 1669 proprius
629 1571 742 1659 miles,
756 1588 825 1643 tres
841 1571 1011 1657 Urbanae‚
1030 1592 1160 1641 novem
1177 1594 1265 1665 prae-

289 1692 385 1764 toriae
416 1693 590 1781 cohortes,
618 1689 755 1763 Etruria
782 1688 891 1762 ferme
909 1686 1130 1785 Umbridque
1153 1688 1267 1761 delec-

291 1828 352 1899 tae,
378 1830 440 1883 aut
460 1830 577 1882 vetere
591 1809 710 1897 latin,
737 1812 772 1881 δι
801 1807 946 1881 coloniis
975 1805 1165 1905 antiquitus
1190 1810 1266 1886 Ro-

292 1928 416 2017 manis.
466 1935 517 2002 At
545 1929 640 2026 apud
658 1928 786 2001 idonea
813 1926 1067 2023 provinciarum
1094 1926 1194 2001 sociae
1210 1928 1269 2001 tri-

292 2072 417 2139 remes,
435 2050 582 2146 alaeque,
606 2053 639 2121 &
658 2047 787 2121 auxilia
802 2047 1017 2120 cohortium:
1045 2072 1160 2144 neque
1177 2049 1267 2122 mul·

291 2166 330 2240 τὸ
349 2166 446 2241 secus
464 2166 500 2240 in
517 2168 557 2241 iis
573 2167 727 2241 virium:
754 2166 813 2243 sed
831 2164 987 2263 persequi
1007 2166 1179 2240 incertum
1193 2165 1268 2241 fue·

292 2286 353 2378 rit,
380 2287 463 2363 clun
481 2312 525 2360 ex
543 2285 605 2361 usu
620 2288 786 2384 temporis
808 2289 878 2361 huc
896 2286 978 2360 illuc
996 2305 1162 2377 mearent,
1189 2284 1268 2385 glis-

291 2428 413 2484 cerent
433 2432 593 2497 numero,
620 2406 862 2504 &aliquando
885 2408 1135 2481 minuerentur.

341 2529 403 2601 Vl.
429 2528 671 2601 conclusus
703 2527 909 2601 crediderim
938 2526 1108 2602 recensere
1140 2546 1269 2602 ceteras

292 2671 435 2743 quoque
463 2645 661 2742 reipublicae
691 2667 817 2744 partes,
845 2646 971 2744 quibus
989 2646 1105 2721 modis
1121 2649 1166 2720 ad
1194 2674 1272 2723 eam

294 2765 393 2838 diem
409 2764 537 2841 habita·
567 2770 653 2851 sint:
681 2767 824 2863 quando
846 2765 990 2841 Tiberio
1008 2766 1132 2840 mutati
1155 2766 1192 2839 in
1208 2768 1270 2841 de·

294 2885 400 2957 terius
426 2883 639 2981 principaths
656 2884 794 2959 initium
810 2886 869 2958 ille
886 2911 996 2958 annus
1014 2886 1139 2958 attulit.
1188 2888 1271 2981 Jam

294 3002 448 3101 primhm
466 3003 608 3100 publica
624 3004 776 3103 negotia,
804 3010 838 3078 ἃ
857 3003 1075 3101 privatorum
1101 3006 1269 3098 maxima,

293 3124 389 3220 apud
406 3144 518 3221 patres
541 3126 800 3198 tractabantur:
829 3126 1043 3222 dabaturque
1062 3126 1272 3223 primoribus

291 3242 472 3329 differere;
500 3248 533 3316 bt
550 3242 588 3315 in
603 3243 839 3317 adulationem
856 3243 980 3341 lapsos,
1006 3244 1191 3319 cohibebat
1218 3246 1272 3344 ip·

292 3361 338 3439 se.
387 3364 655 3461 Mandabatque
671 3365 835 3454 honores,
850 3363 1067 3437 nobilitatem
1085 3362 1270 3461 majorum,

293 3481 537 3555 claritudinem
553 3481 703 3573 militiae,
727 3482 884 3557 inlustres
900 3484 999 3556 dorni
1013 3505 1101 3557 artes
1118 3484 1272 3583 spectan-

292 3601 365 3685 do:
391 3620 431 3672 ut
456 3600 534 3674 satis
560 3604 743 3692 constaret,
769 3630 842 3676 non
872 3604 956 3677 alios
985 3604 1135 3700 potiores
1163 3602 1271 3679 fuisse.

293 3719 364 3790 Sua
380 3719 590 3811 consulibus,
617 3720 677 3795 sua
694 3722 896 3819 praetoribus
913 3721 1064 3819 species:
1093 3722 1272 3799 minorum

295 3861 439 3933 quoque
455 3839 718 3936 magistramum
739 3842 887 3916 exercita
903 3843 1068 3939 potestas:
1096 3844 1271 3942 legesque,

294 3958 319 4040 st
336 3953 514 4054 majestatis
529 3959 673 4056 quaestio
690 3962 910 4054 eximeretur,
930 3964 1025 4036 bono
1041 3962 1078 4039 in
1096 3962 1169 4038 usu.
1221 3970 1272 4045 At
