3259 5284
528 579 839 649 Armatam
872 577 993 650 er.
1026 579 1072 650 ΙΙ.
1236 581 1281 678 83

309 750 387 822 “ni
405 748 471 847 spe.
520 750 669 823 Classem
686 750 816 848 quippe
835 755 868 824 δι
885 751 961 824 avia
975 750 1106 823 Oceani
1128 755 1280 848 quaesrta,

310 876 337 911 “
350 894 395 942 ne
419 869 496 967 quis
520 871 738 944 venientibus
763 891 970 960 occurreret,
995 895 1039 942 ne
1065 867 1181 966 pulsos
1202 898 1280 969 pre-

309 994 337 1031 “
349 1009 480 1062 meret:
510 987 568 1062 sed
584 991 645 1064 ubi
672 988 868 1063 miscuerint
889 1017 1026 1080 manus,
1056 991 1157 1064 inane
1182 987 1291 1064 vittis·

311 1113 536 1213 “ventorum
567 1135 814 1207 remorumque
842 1107 1038 1183 subsrdium.
1081 1108 1280 1183 Meminis-

309 1224 422 1299 “sent
438 1227 727 1318 modoavaritiae,
754 1227 975 1317 crudelitatis,
1004 1226 1188 1324 superbiae:
1217 1230 1280 1302 ali·

310 1348 399 1418 “ud
418 1347 478 1419 srbi
501 1347 686 1447 reliquum,
717 1348 826 1444 quam
847 1367 962 1420 tenere
987 1347 1192 1440 libertatem,
1221 1370 1282 1424 aut

309 1466 437 1564 “mori
453 1487 535 1540 ante·
546 1465 720 1540 servitium
732 1468 772 1539 ?'’

354 1584 453 1658 XVI.
478 1589 542 1658 Src
569 1611 767 1659 accensos
794 1591 828 1658 &
855 1585 1020 1683 proelium
1049 1584 1223 1682 poscentes
1239 1587 1277 1661 in

305 1727 484 1800 campum,
510 1706 567 1779 cui
592 1706 752 1800 Idistaviso
769 1731 913 1794 nornen,
939 1706 1130 1777 deducunt:
1159 1706 1187 1778 is
1204 1733 1278 1779 rne-

306 1823 383 1896 dius
410 1823 499 1898 inter
522 1823 700 1923 Visurgim
727 1829 761 1898 &
788 1825 908 1912 colles,
927 1918 931 1928 Ι
949 1843 987 1895 ut
1012 1823 1094 1920 ripae
1124 1823 1278 1899 fluminis

305 1943 450 2033 cedunt,
473 1963 533 2016 aut
555 1941 786 2041 prominentia
811 1941 984 2015 montium
1004 1943 1168 2033 resrstunt,
1194 1943 1278 2016 inae-

306 2062 453 2157 qualiter
475 2064 651 2136 finuatur:
680 2087 773 2159 pone
800 2081 937 2159 tergum
961 2059 1156 2160 insurgebat
1181 2065 1277 2155 srlva,

306 2179 408 2254 editis
423 2178 459 2253 in
480 2183 590 2255 altum
612 2180 728 2270 ramis,
755 2186 790 2252 δι
820 2183 905 2276 pura
932 2183 1041 2255 humo
1068 2181 1155 2254 inter
1178 2183 1278 2254 arbo-

306 2325 385 2373 rum
407 2320 556 2374 truncos.
605 2301 783 2397 Campum
808 2305 842 2373 ὅτ
869 2301 981 2398 prima
1001 2301 1175 2389 silvarum,
1201 2303 1279 2376 bar-

305 2421 390 2494 bara
418 2419 509 2494 acies
541 2418 674 2492 tenuit:
711 2417 773 2492 soli
805 2417 968 2492 Cherusci
994 2419 1083 2517 juga
1108 2418 1277 2512 insedere,

305 2555 344 2609 ut
380 2537 619 2634 proeliantibus
635 2583 641 2590 ·
657 2538 827 2612 Romanis
868 2535 1013 2634 desuper
1054 2536 1276 2613 incurrerent.

305 2657 433 2730 Noster
465 2656 636 2730 exercitus
668 2659 712 2729 fic
753 2656 899 2730 incessrt:
944 2656 1127 2730 auxiliares
1169 2657 1277 2748 Galli,

306 2776 544 2872 Germanique
560 2776 601 2849 -in
623 2772 749 2848 sronte:
776 2775 854 2872 post
877 2801 965 2872 quos
988 2775 1119 2872 pedites
1141 2773 1278 2873 sagitta-

305 2893 371 2966 rii:
396 2892 479 2966 dein
503 2915 652 2992 quatuor
675 2895 843 2992 legiones,
871 2898 1009 2967 &cum
1033 2893 1168 2967 duabus
1192 2919 1279 2989 prae-

305 3012 399 3085 toriis
425 3014 639 3103 cohortibus,
666 3041 706 3087 ac
733 3015 871 3088 delecto
900 3011 1015 3111 equite
1036 3011 1169 3085 Caesar:
1197 3011 1279 3084 exin

305 3131 450 3206 totidem
483 3133 558 3206 aliae
590 3133 757 3231 legiones,
801 3136 834 3205 &
867 3131 953 3206 levis
992 3151 1159 3204 armatura
1195 3157 1280 3205 curn

305 3251 423 3349 equite
455 3240 639 3349 sagittariO,
678 3274 870 3350 ceteraeque
903 3251 1076 3326 sociorum
1108 3253 1278 3326 cohortes.

286 3373 460 3444 -lntentus
492 3370 697 3469 paratusque
729 3371 842 3462 miles,
875 3391 914 3444 ut
947 3372 1033 3445 ordo
1065 3371 1211 3471 agminis
1242 3371 1279 3446 in

305 3490 415 3563 aciem
432 3490 612 3564 adfisteret.

353 3610 469 3682 XVll.
501 3613 610 3684 Vrsrs
636 3608 885 3684 Chemscotum
917 3609 1073 3701 catervis,
1106 3636 1184 3708 quae
1217 3637 1279 3708 per

304 3727 467 3802 ferociam
500 3751 739 3826 proruperant,
780 3730 1001 3803 validiffimos
1034 3730 1192 3827 equiturn
1224 3731 1278 3804 in·

304 3871 436 3920 currere
456 3848 557 3938 latus,
583 3849 784 3923 Stertinium
811 3874 894 3922 curn
923 3849 1043 3923 ceteris
1071 3849 1190 3923 turmis
1212 3850 1277 3922 cir-

305 3967 500 4067 cumgredi,
529 3987 695 4070 tergaque
718 3969 881 4044 invadere
894 3967 1007 4070 jubet,
1035 3970 1104 4070 ipse
1129 3969 1166 4042 in
1189 3989 1277 4044 tem·

746 4091 827 4162 Ga
