3259 5284
351 574 423 624 220
578 550 621 622 C.
661 551 911 625 Conurrrr
938 554 1120 629 Tacrrr

351 722 502 819 ginquos
534 721 636 797 saltus
675 728 708 797 δι
744 722 875 798 ferocia
898 724 1059 812 servitia;
1099 726 1194 817 edm,
1233 730 1330 803 velut

349 866 495 914 munere
509 841 633 933 dedm,
659 864 725 916 tres
737 843 887 917 biremes
899 846 1064 942 adpulere
1075 846 1120 919 ad
1137 843 1214 919 usus
1230 870 1328 921 com-

350 959 545 1033 meantium
574 960 635 1034 illo
661 962 759 1035 mari.
812 966 860 1035 Et
886 984 955 1037 erat
986 963 1108 1037 iisdem
1131 964 1330 1063 regionibus

349 1079 490 1153 Curtius
507 1081 647 1177 Lupus,
675 1081 840 1179 questos,
867 1082 924 1155 cui
949 1082 1129 1180 provincia
1144 1104 1263 1157 vetere
1287 1108 1332 1157 ex

351 1224 452 1272 more
468 1200 583 1273 Calles
605 1216 779 1273 evenerat.
829 1204 876 1291 Is,
903 1200 1062 1298 disposrtal
1087 1201 1331 1277 classiariorum

349 1317 466 1413 copia,
507 1340 723 1415 coeptantem
756 1320 840 1393 cum
867 1318 1021 1393 maxime
1056 1318 1332 1417 conjurationem

352 1434 499 1534 disjecit.
548 1436 742 1536 Missusque
758 1466 780 1511 a
798 1436 929 1513 Caesare
955 1436 1098 1536 propere
1122 1439 1246 1529 Staius,
1273 1438 1334 1512 tri-

351 1558 480 1649 bunus,
506 1584 591 1631 cum
607 1558 722 1632 valida
738 1584 859 1649 manu,
886 1558 1016 1631 ducem
1032 1556 1159 1656 ipsum,
1177 1559 1334 1653 &prox-

352 1676 446 1750 imos
467 1676 622 1749 andaciae
639 1677 677 1749 in
693 1680 834 1751 Urbem
851 1677 969 1768 traxit,
989 1677 1065 1775 jam
1082 1674 1269 1773 trepidam,
1287 1678 1336 1749 ob

353 1795 618 1869 multitudinem
641 1795 870 1887 familiarum,
898 1822 976 1893 quae
998 1796 1163 1895 gliscebat
1184 1792 1334 1871 immen-

355 1915 447 2005 sbm,
474 1915 609 1989 minore
629 1914 667 1987 in
689 1916 764 1989 dies
781 1918 885 2013 plebe
897 1916 1059 2013 ingenual.

404 2036 577 2108 XXVIII.
613 2038 755 2107 Irsnanr
796 2032 1010 2124 consulibus,
1049 2034 1261 2108 miseriamm
1294 2062 1335 2110 ac

343 2152 492 2227 'saevitiae
508 2156 714 2251 exemplum
729 2172 845 2243 atrox,
872 2178 950 2225 reus
968 2170 1080 2249 pater,
1097 2152 1275 2228 accusator
1293 2157 1335 2228 fia

356 2273 436 2363 lius,
466 2276 615 2368 (nomen
631 2271 769 2370 utrique
788 2272 911 2345 Vibius
932 2273 1096 2365 Serenus)
1120 2272 1157 2343 in
1181 2270 1338 2348 senatum

356 2391 489 2465 indusli
519 2392 620 2464 sunt:
657 2394 703 2464 ab
725 2391 844 2463 exsilio
870 2391 1047 2478 retractus,
1074 2388 1275 2488 inluvieque
1295 2416 1337 2464 ac

357 2510 515 2609 squalore
532 2513 675 2601 obsitus,
702 2514 736 2583 ὅτ
749 2530 826 2583 tum
843 2512 962 2582 catena
978 2508 1130 2598 vinetus,
1158 2528 1337 2605 perorante

293 2717 297 2725 1
360 2630 450 2721 filio,
477 2650 584 2728 pater.
633 2633 773 2703 Paratus
790 2628 986 2702 adolescens
1004 2626 1122 2701 multis
1143 2628 1339 2719 munditiis,

358 2750 464 2823 alacri
477 2752 595 2840 vultu,
615 2756 644 2792 “
663 2749 805 2822 struslas
822 2745 976 2843 Principi
995 2745 1143 2838 infidias,
1170 2746 1288 2821 miffos
1304 2748 1341 2821 in

362 2878 391 2913 “
410 2871 564 2944 Galliam
588 2868 779 2943 concitores
804 2866 930 2956 belli,''
951 2865 1058 2938 index
1078 2865 1175 2939 idem
1193 2872 1227 2939 δι
1246 2866 1338 2940 testis

358 2990 520 3076 dicebat;
546 2990 835 3084 adneetebatque,
875 2984 1104 3058 “Caecilium
1128 2986 1340 3076 Cornutum,

362 3118 389 3154 “
409 3108 624 3209 praetorium,
650 3106 886 3180 ministravisse
903 3104 1087 3202 pecuniam
1102 3105 1139 3176 :''
1157 3104 1218 3202 qui
1237 3104 1342 3177 taedio
1443 3108 1445 3114 ’
1464 3178 1470 3192 .

360 3255 538 3318 curarum,
565 3234 600 3301 ὅ(
618 3226 700 3323 quia
720 3225 914 3321 periculum
928 3248 993 3319 pro
1008 3222 1114 3297 exitio
1131 3225 1341 3314 habebatur,

362 3368 513 3422 mortem
544 3346 581 3417 in
605 3343 638 3417 se
662 3342 846 3415 festinavit.
896 3347 947 3414 At
975 3342 1097 3414 contra
1125 3366 1217 3433 reus,
1256 3343 1343 3416 nihil

361 3466 511 3541 infracto
540 3464 674 3553 animo,
701 3460 865 3535 obversus
886 3460 922 3531 in
949 3460 1075 3551 filium,
1102 3481 1245 3558 quatere
1266 3464 1345 3537 vin·

363 3589 456 3676 cula,
483 3590 512 3628 “
530 3608 657 3657 vocare
685 3583 814 3654 ultores
835 3580 933 3671 deos,
959 3599 998 3652 ut
1016 3579 1076 3654 srbi
1094 3580 1239 3677 quidem
1264 3582 1344 3655 red-

364 3713 394 3749 “
410 3706 533 3776 derent
556 3702 728 3790 exfilium,
753 3698 817 3772 ubi
844 3700 967 3796 procul
989 3698 1050 3771 tali
1077 3724 1176 3773 more
1198 3720 1343 3798 ageret3

364 3833 393 3871 “
410 3823 524 3897 lilium
574 3840 690 3894 autem
725 3819 937 3917 quandoque
966 3816 1135 3915 supplicia
1161 3817 1345 3917 sequeren-

367 3954 394 3991 “
411 3944 506 4017 tur.''
564 3940 871 4037 Adseverabatque
903 3938 1170 4015 “innocentem
1208 3940 1346 4014 Comu-
