3259 5284
457 563 756 633 Annatrum
791 556 987 631 Lra.V1.
1182 580 1271 663 297⁴

290 728 414 826 patris3
445 756 558 829 neque
574 730 610 802 id
628 748 770 820 temere,
788 727 847 803 sed
862 728 993 803 sublato
1006 729 1153 823 myrrhae
1167 752 1254 822 pon·

289 850 385 938 dere,
404 868 605 945 tentatoque
622 872 681 943 per
698 851 846 945 longum
862 846 939 936 iter,
967 845 1029 919 ubi
1061 871 1121 941 par
1143 845 1255 933 oneri,

289 990 351 1063 par
367 966 494 1041 meatui
512 969 564 1056 stt,
599 965 709 1045 subire
727 966 877 1063 patrium
893 989 1031 1061 corpus,
1048 964 1258 1062 inquesolis

290 1108 384 1163 aram
412 1082 573 1180 perferre,
595 1104 699 1181 atque
728 1087 878 1163 adolere.
929 1086 1021 1157 Haec
1060 1082 1190 1158 incerta
1222 1088 1257 1156 ὅτ

288 1200 450 1283 fabulosis
490 1205 600 1275 aucta.
663 1204 827 1283 Ceterum
859 1200 962 1298 aspici
995 1200 1182 1298 aliquando
1220 1200 1259 1281 iu

290 1321 452 1417 AEgypto
467 1346 545 1393 eam
562 1322 755 1413 volucrem,
782 1347 853 1393 non
870 1318 1068 1417 ambigitur.

339 1441 478 1513 XXIX.
505 1444 564 1513 Ar
583 1443 717 1513 Romrn
734 1441 829 1513 caede
844 1437 1019 1525 continua,
1044 1438 1260 1535 Pomponius

292 1560 431 1647 Labeo,
451 1583 557 1655 quem
575 1556 744 1654 praefuiffe
761 1561 898 1631 Moesrae
913 1556 1029 1647 retuli,
1050 1581 1109 1653 per
1129 1559 1258 1656 abrup.

291 1694 341 1748 tas
357 1701 461 1749 venas
478 1674 677 1772 sanguinem
694 1675 839 1760 effudit3
868 1676 1095 1770 aemulataque
1112 1674 1161 1749 est
1176 1702 1260 1749 con-

287 1792 379 1889 junx
406 1794 554 1865 Paxaea:
581 1818 663 1865 nam
703 1812 878 1889 promptas
914 1790 1082 1889 ejusmodi
1118 1814 1260 1887 mortes,

293 1929 406 1983 metus
422 1910 588 1989 camificis
603 1908 772 1983 faciebat:
803 1914 837 1981 a
855 1909 937 2007 quia
951 1912 1120 2001 damnati,
1145 1912 1262 2009 publi·

296 2028 380 2103 catis
396 2029 513 2119 bonis,
542 2027 711 2126 sepultura
735 2028 1011 2125 prohibebantur
1023 2057 1035 2115 ;
1064 2054 1185 2103 eorum
1202 2032 1263 2128 qui

294 2148 340 2220 de
363 2146 398 2220 se
420 2148 624 2237 statuebant,
652 2149 883 2220 humabantur
898 2172 1054 2242 corpora,
1079 2152 1265 2224 manebant

294 2267 506 2356 testamenta,
526 2265 675 2363 pretium
692 2264 887 2339 festinandi.
935 2266 1002 2339 Sed
1015 2266 1138 2367 Caesar,
1163 2268 1266 2344 miffis

293 2384 339 2465 ad
362 2386 517 2458 senatum
544 2383 660 2475 literis,
684 2384 852 2473 disseruit,
877 2391 904 2426 ‘⁶
917 2408 1052 2457 morem
1074 2380 1171 2457 fuiffe
1190 2411 1265 2459 ma-

298 2512 324 2547 “
336 2503 483 2601 juribus,
522 2502 683 2601 quotiens
720 2502 919 2575 dirimerent
947 2500 1127 2593 amicitias,
1162 2503 1267 2578 inter-

298 2623 457 2696 “dicere
478 2623 600 2711 domu,
641 2646 793 2719 eumque
828 2622 936 2693 finem
962 2620 1082 2718 gratiae
1110 2648 1264 2719 ponere:

298 2746 326 2781 “
342 2740 378 2813 id
394 2739 427 2813 se
444 2738 636 2836 repetivisse
659 2738 695 2813 in
718 2739 886 2813 Labeone
901 2766 911 2811 s
936 2758 1041 2835 atque
1053 2738 1168 2832 illum,
1186 2742 1269 2840 quia

299 2864 328 2902 “
345 2858 436 2931 male
458 2856 699 2939 administrata
729 2855 930 2953 provincia,
958 2854 1174 2955 aliorumque
1201 2860 1267 2933 cri-

299 2975 482 3061 “minum
507 2976 710 3071 urgebatur,
753 2976 893 3071 culpam
921 2972 1054 3053 invidia
1087 2976 1261 3068 velaviffe,

300 3091 465 3167 “frustra
487 3092 671 3177 conterrita
691 3116 813 3181 uxore,
840 3117 963 3188 quam,
993 3096 1051 3167 etfi
1068 3115 1267 3185 nocentem,

299 3211 487 3310 “periculi
519 3230 636 3284 tamen
665 3230 841 3306 expertem
868 3209 1002 3286 fuitse.’¹
1066 3215 1270 3288 Mamercus

297 3333 380 3407 dein
396 3334 540 3416 Scaurus
556 3328 688 3403 rursum
705 3328 908 3426 postulatur,
925 3330 1065 3429 insignis
1090 3331 1271 3407 nobilitate

302 3456 336 3525 δι
354 3448 491 3523 orandis
508 3451 628 3536 caufis,
647 3446 716 3520 vita
734 3446 939 3545 probrosus:
965 3448 1052 3521 nihil
1070 3452 1163 3525 hunc
1182 3454 1270 3527 ami·

300 3568 381 3642 citia
401 3566 526 3665 Sejani,
543 3564 601 3648 sed
625 3563 784 3645 labefecit
799 3568 895 3639 haud
919 3567 1033 3641 minus
1051 3548 1208 3644 validum
1224 3576 1270 3647 ad

300 3684 404 3757 exitia
430 3683 610 3759 Macronis
640 3685 776 3775 odium,
804 3685 864 3781 qui
885 3684 1022 3760 easdem
1042 3708 1131 3762 artes
1153 3695 1270 3765 occul-

300 3800 368 3873 tius
388 3804 590 3877 exercebat:
617 3804 856 3900 detuleratque
877 3826 1120 3903 argumentum
1140 3828 1269 3906 tragoe·

300 3917 383 4011 diae,
417 3923 588 3997 aScauro
610 3918 753 4018 scriptae,
786 3920 913 3995 additis
946 3926 1111 4018 versibus,
1141 3926 1203 4023 qui
1233 3926 1271 4009 iu
