3259 5284
363 558 428 632 ¹72
552 534 1135 608 C.ConnaurrTncrr1

356 709 386 745 “
404 703 567 795 nidores,
580 706 767 780 adversum
778 708 913 797 Gallos,
931 726 1113 804 tamquam
1129 705 1165 779 in
1184 704 1334 797 hostem,

357 829 386 867 “
404 824 635 899 ducerentur:
670 853 741 899 una
762 853 874 925 nuper
898 830 1021 901 cohors
1038 826 1333 899 rebellemTuro·

356 949 385 984 “
404 943 516 1033 nium,
544 972 614 1019 una
646 948 701 1019 ala
712 948 924 1035 Treverum,
955 972 1077 1043 paucae
1106 945 1208 1043 hujus
1233 945 1338 1043 ipsius

355 1067 383 1105 “
401 1064 571 1138 exercitiis
587 1086 713 1138 turmae
730 1067 963 1164 profligavere
979 1067 1182 1162 Sequanos:
1203 1064 1337 1163 quanto

355 1189 383 1224 “
402 1182 549 1279 pecunirl
564 1183 667 1273 dites,
691 1187 725 1256 a
754 1184 995 1283 voluptatibus
1012 1186 1212 1283 opulentos,
1236 1184 1336 1257 tanto

356 1308 385 1344 “
403 1302 514 1400 magis
530 1303 689 1377 imbelles
705 1306 859 1393 AEduos,
878 1305 1042 1394 evincite,
1064 1311 1095 1377 dr
1120 1302 1335 1401 fugientibus

353 1427 382 1463 “
400 1420 604 1495 consulite.''
653 1426 783 1521 Ingens
798 1425 844 1497 ad
873 1448 913 1497 ea
935 1426 1091 1509 clamor3
1121 1428 1154 1495 &
1182 1422 1334 1496 circum-

352 1540 443 1615 fudit
467 1568 597 1640 eques;
628 1541 850 1641 frontemque
895 1542 1026 1640 pedites
1059 1542 1238 1615 invasere:
1271 1568 1334 1617 nec

352 1664 555 1735 cundatum
580 1665 676 1759 apud
702 1665 828 1735 latera:
864 1666 1022 1760 paullum
1051 1688 1159 1735 morae
1187 1664 1335 1737 attulere

352 1778 480 1870 ferrati,
506 1782 708 1855 restantibus
732 1780 870 1855 laminis
894 1783 1085 1855 adversnm
1115 1780 1238 1879 pila&
1258 1783 1332 1880 gla-

351 1901 453 1975 dios:
478 1900 537 1973 sed
565 1900 680 1991 miles,
715 1902 880 1999 correptis
902 1900 1078 1975 securibus
1107 1905 1141 1972 &
1168 1900 1334 1989 dolabris,

350 2024 440 2093 utsr
474 2046 615 2093 murum
653 2042 907 2118 perrumperet,
943 2022 1083 2093 caedere'
1109 2021 1266 2118 tegmina
1300 2026 1334 2093 δι

351 2166 521 2236 corpora:
553 2140 700 2236 quidam
729 2140 889 2211 trudibus
924 2160 983 2213 aut
1016 2136 1134 2229 furcis,
1184 2142 1333 2213 inertem

351 2261 483 2333 molem
510 2258 750 2353 prosternere3
768 2257 993 2356 jacentesque
1019 2260 1117 2331 nollo
1150 2262 1196 2332 ad
1225 2260 1334 2333 resur·

351 2378 508 2477 gendum
535 2374 622 2466 uisu,
647 2380 740 2473 quast
762 2378 940 2451 exanimes
960 2379 1221 2476 ,linquebantun
1272 2382 1332 2453 Sa-

349 2494 466 2571 crovir
482 2495 597 2593 primo
615 2496 931 2594 Augustodunum,
954 2498 1036 2573 dein
1060 2519 1158 2572 metu
1180 2498 1334 2571 deditio-

348 2618 403 2692 nis
430 2617 468 2691 in
494 2615 616 2691 villam
642 2617 879 2716 propinquam
908 2646 990 2691 cum
1020 2618 1188 2691 fidisstmis
1207 2618 1332 2716 pergit.

348 2741 426 2815 Illic
451 2738 509 2814 sud
526 2764 647 2830 manu,
678 2740 802 2837 reliqui
831 2741 962 2814 mutuis
992 2740 1117 2814 idibus
1144 2739 1331 2813 occidere:

348 2860 485 2935 incensa
501 2860 602 2957 super
618 2859 715 2950 villa,
743 2886 866 2933 omnes
883 2861 1063 2933 cremavit.

396 2982 548 3054 XLVII.
578 2981 675 3052 Tun
702 2980 850 3052 demum
878 2978 1042 3053 Tiberius
1069 2998 1187 3051 ortum
1217 2998 1331 3074 patra-

347 3124 497 3199 tumque
526 3101 659 3173 bellum
687 3099 815 3177 senatui
843 3098 996 3196 scripsit:
1025 3122 1140 3195 neque
1168 3098 1333 3193 dempfit,

347 3240 409 3293 aut
424 3218 560 3293 addidit
577 3244 662 3290 vero
677 3247 688 3302 ;
722 3217 780 3290 sed
808 3225 837 3261 “
856 3221 926 3291 lide
954 3244 995 3291 ac
1024 3218 1155 3289 virtute
1183 3216 1330 3313 legatos,

349 3348 377 3382 “
394 3336 428 3410 se
443 3336 591 3409 confiliis
607 3334 846 3431 superfuiss'e.’'
896 3336 1005 3407 Simul
1023 3334 1152 3425 causas,
1181 3360 1245 3407 cur
1262 3358 1332 3405 non

347 3454 433 3553 ipse,
466 3480 539 3527 non
564 3452 698 3528 Drusus
725 3453 871 3551 professi
902 3456 946 3527 ad
975 3456 1011 3527 id
1043 3458 1177 3528 bellum
1204 3452 1332 3541 forent,

346 3574 520 3673 adjunxit,
564 3573 890 3671 “magnitudinem
936 3574 1098 3669 imperii’'
1148 3575 1331 3648 extollens.

348 3703 376 3741 “
393 3696 522 3791 Neque
538 3695 706 3766 decorum
717 3692 937 3791 Principibus
956 3695 1035 3789 (ll),
1055 3696 1077 3765 fi
1096 3720 1164 3767 una
1181 3694 1333 3767 alterave

348 3813 519 3888 “civitas
548 3815 680 3903 turbet,
711 3812 834 3887 omissa
862 3816 976 3902 Urbe,
1014 3815 1108 3886 unde
1141 3813 1177 3885 in
1211 3810 1332 3883 omnia

348 3943 376 3981 “
393 3933 573 4033 regimen:
605 3960 700 4006 nunc
728 3933 811 4030 quia
845 3958 916 4005 non
946 3954 1042 4005 metu
1065 3935 1227 4018 ducatur,
1262 3929 1329 3999 itu-

348 4065 375 4109 “
393 4082 488 4147 rum,
513 4074 551 4128 ut
579 4050 757 4155 praesentia
785 4052 965 4152 spestaret‚
996 4048 1356 4153 componerctque.'²'
