3259 5284
372 607 417 658 22
531 583 572 654 C.
605 582 884 654 Conuarrr
918 582 1124 654 Tacrrr

372 763 401 816 ‘.‘
419 753 609 826 miserrimis
623 756 736 828 lucem
755 759 787 826 &
801 752 953 851 spiritum
963 753 1154 826 reddidistis
1168 781 1179 838 ;
1199 749 1254 826 sed
1268 753 1345 852 quis

371 881 399 916 “
416 873 506 946 fratri
519 899 599 946 meo
611 874 733 964 vitam,
752 873 828 970 quis
840 873 976 946 fratrem
988 871 1073 944 mihi
1085 872 1196 944 reddit
1211 876 1223 944 ?
1239 898 1344 970 quern

371 1001 399 1038 “
418 993 554 1066 millum
588 994 631 1065 ad
649 1018 711 1066 vos
743 1019 764 1064 a
780 991 988 1065 Germanico
1004 991 1154 1063 exercitu
1185 992 1230 1063 de
1246 1017 1342 1065 com·

371 1113 579 1185 “munibus
612 1112 819 1201 commodis,
854 1113 954 1184 node
988 1109 1145 1207 proximas
1170 1109 1345 1208 jugulavit

320 1271 322 1279 ι
371 1237 480 1327 “per
512 1231 714 1329 gladiatores
741 1229 831 1321 suos,
861 1256 949 1328 quos
964 1231 999 1302 in
1031 1227 1175 1301 exitium
1192 1227 1342 1302 militum

370 1357 398 1394 “
416 1351 520 1423 habet
552 1371 656 1447 atque
684 1371 802 1422 armat.
832 1350 1031 1447 Responde,
1065 1345 1180 1436 Blaese,
1197 1347 1258 1435 ubi
1286 1373 1342 1420 ca·

371 1476 398 1512 “
417 1471 522 1540 daver
553 1467 738 1566 abjeceris?
773 1495 818 1542 ne
849 1470 959 1542 hostes
997 1467 1139 1566 quidem
1166 1464 1343 1562 sepulturae
1415 1461 1419 1468 ’

371 1594 399 1630 “
417 1587 593 1660 invident:
614 1590 695 1662 clim
715 1588 862 1679 osculis,
896 1590 977 1661 clim
1010 1584 1154 1668 lacrimis
1186 1586 1343 1658 dolorem

370 1713 397 1749 “
415 1731 534 1780 meum
568 1707 770 1804 implevero,
804 1734 862 1780 me
890 1734 1031 1806 quoque
1046 1704 1204 1778 trucidari
1228 1703 1340 1802 jube,-

369 1833 398 1890 .“
416 1826 501 1897 dum
518 1825 709 1898 interfectos
739 1828 875 1900 nullum
891 1829 938 1899 ob
954 1825 1074 1915 scelus,
1104 1822 1161 1896 sed
1179 1824 1260 1920 quia
1274 1823 1341 1897 uti·

369 1951 397 2004 .“
415 1942 499 2016 litati
516 1944 695 2043 legionum
712 1944 986 2035 consulebamus,
1016 1945 1051 2018 hi
1067 1944 1228 2041 sepeliant
1240 1946 1276 2016 .''

356 2102 373 2168 '-
415 2063 552 2136 XXIII.
587 2066 845 2137 Incannrnar
875 2067 951 2137 haec
976 2064 1340 2159 fletu,».&pedusat·

367 2207 437 2279 que
452 2208 489 2253 os
518 2181 676 2254 manibus
693 2185 896 2256 verberans:
916 2209 1001 2256 mox
1029 2181 1174 2280 disjectis
1191 2205 1339 2277 quorum

367 2327 428 2398 per
452 2301 612 2372 humeros
638 2299 870 2391 sustinebatur,
898 2326 1048 2398 praeceps
1067 2307 1100 2373 δι
1130 2301 1339 2396 singulorum

366 2419 513 2516 pedibus
525 2419 720 2506 advolutus,
739 2439 874 2492 tantum
891 2419 1166 2493 consternationis
1182 2417 1338 2490 invidiae-

366 2563 436 2634 que
453 2537 614 2626 concivit,
643 2559 680 2610 ut
705 2563 780 2634 pars
809 2538 973 2628 militum,
1003 2538 1206 2636 gladiatores
1234 2535 1340 2633 quie

365 2655 499 2728 servitio
515 2658 607 2729 Blaesi
626 2677 733 2746 erant,
751 2683 827 2754 pars
843 2679 991 2731 ceteram
1006 2655 1156 2755 ejusdem
1173 2656 1339 2729 familiam

364 2775 543 2864 vincirent,
561 2775 618 2847 alii
634 2777 677 2848 ad
692 2777 916 2872 quaerendum
934 2803 1056 2873 corpus
1072 2777 1338 2849 effunderentur.

363 2899 420 2966 Ac
449 2893 484 2964 ni
517 2893 672 2989 propere,
702 2920 815 2991 neque
832 2921 953 2992 corpus
981 2898 1093 2968 ullum
1124 2895 1272 2991 reperiri,
1304 2899 1336 2967 a

362 3010 490 3100 servos,
514 3011 673 3084 adhibitis
690 3013 906 3102 cruciatibus,
936 3017 1084 3087 abnuere
1101 3016 1247 3102 cadem,
1276 3040 1337 3087 ne·

351 3157 432 3228 1que
449 3130 497 3202 illi
523 3129 618 3202 soille
634 3156 802 3227 umquam
829 3131 965 3204 fratrem
982 3133 1218 3228 pernotuiffet,
1244 3134 1336 3205 haud

361 3249 515 3322 multbm
532 3250 576 3320 ab
594 3247 697 3320 exitio
715 3249 818 3346 legati
834 3252 986 3322 aberant.
1013 3252 1189 3324 Tribunos
1204 3273 1334 3342 tamen,

362 3395 402 3441 ac
420 3367 618 3464 praesestum
636 3369 822 3442 castrorum
850 3373 1035 3443 extrusere.
1084 3371 1230 3444 Sarcinae
1246 3370 1336 3468 sugi-

357 3486 495 3560 entium
523 3485 686 3582 direptae;
706 3489 910 3560 &centurio
937 3490 1104 3562 Lucillius
1121 3490 1334 3581 interficitur,

359 3607 417 3680 cui
444 3605 644 3678 militaribus
672 3603 798 3678 facetiis
827 3611 1051 3698 vocabulum,
1087 3609 1332 3700 Cadaalteram,

356 3725 577 3797 indiderant:
598 3723 678 3820 quia
694 3723 798 3798 sradlal
826 3726 896 3800 vite
913 3727 948 3799 in
976 3748 1074 3823 tergo
1089 3726 1220 3818 militis,
1250 3731 1333 3802 alte-

359 3870 433 3916 ram
451 3844 541 3915 clarb
556 3867 656 3933 voce,
682 3869 720 3916 ac
738 3844 849 3918 rursus
866 3847 967 3919 aliam
985 3845 1154 3943 poscebat.
1193 3848 1334 3923 Ceteros

359 3964 496 4036 latebrae
514 3963 652 4054 texere,
686 3989 757 4038 uno
774 3985 906 4040 retento
938 3966 1243 4061 ClementezJulio,
1273 3967 1333 4065 qui
