3259 5284
511 573 1031 648 AunntruntLtn.ll.
1199 599 1263 675 107

293 756 322 792 “
339 748 376 821 in
394 747 564 822 eumdum
585 747 720 820 hostem
743 751 926 844 Romanos
947 747 1042 818 nulld
1070 771 1137 842 ope
1158 743 1265 843 juvis-

292 876 322 913 “
338 867 424 942 set.''
474 867 600 942 Miffus
620 887 737 941 tamen
754 865 900 958 Drusus,
925 887 964 940 ut
982 864 1176 955 retulimus,
1189 853 1190 861 ἵ
1203 892 1265 964 pa·

291 989 340 1063 cis
357 991 521 1062 finnator.
988 1081 991 1088 ι

339 1111 491 1183 XLVII.
516 1112 661 1182 Eonru
682 1133 776 1182 anno
796 1105 984 1181 duodecim
1005 1105 1155 1178 celebres
1176 1111 1266 1181 Afiae

288 1231 394 1304 urbes
417 1228 587 1326 conlapsae
616 1230 787 1301 nocturno
813 1247 914 1328 motu
943 1245 1066 1309 terrae;
1101 1226 1174 1322 qud
1197 1227 1263 1301 im-

291 1348 457 1446 provifior
477 1348 681 1446 graviorque
703 1346 805 1444 pestis
828 1346 916 1419 fuit:
941 1370 1055 1442 neque
1071 1343 1211 1420 solitum
1227 1347 1265 1419 in

288 1467 352 1540 tali
370 1467 447 1541 casu
463 1467 635 1566 effugium
656 1465 881 1540 subveniebat
903 1465 1075 1562 inaperta
1102 1490 1263 1560 prorum-

289 1588 411 1684 pendi,
437 1588 519 1686 quia
552 1586 703 1660 diductis
730 1587 826 1660 terris
857 1585 1107 1660 hauriebantur.
1159 1594 1186 1629 “
1204 1590 1261 1661 Se-

289 1714 321 1750 “
337 1707 423 1779 diffe
437 1705 623 1779 immensos
635 1727 784 1796 montes,
806 1703 877 1777 visa
899 1704 935 1777 in
956 1705 1066 1778 arduo
1088 1732 1166 1803 quae
1189 1709 1263 1803 pla·

292 1833 322 1870 “
338 1853 384 1900 na
403 1825 543 1914 fuerim,
567 1826 723 1898 effulsrffe
751 1826 840 1898 inter
868 1824 1003 1898 ruinam
1036 1824 1160 1922 ignes’'
1189 1852 1263 1899 me-

288 1965 437 2021 morant.
487 1943 686 2041 Asperrima
709 1944 745 2017 in
772 1943 952 2017 Sardianos
978 1946 1051 2018 lues
1074 1945 1264 2042 plurimum

287 2064 326 2137 in
350 2064 489 2140 eosdem
512 2062 749 2138 misericordiae
773 2063 901 2136 traxit:
940 2090 1023 2137 nam
1049 2064 1176 2137 centies
1198 2063 1263 2137 ses-

283 2185 428 2257 tertium
450 2183 625 2280 pollicitus
645 2182 769 2274 Caesar,
794 2190 828 2257 ὅτ
852 2203 1022 2280 quantum
1045 2183 1178 2274 aerario,
1202 2203 1262 2260 aut

284 2302 370 2377 fisco
382 2305 595 2401 pendebant,
618 2303 654 2376 in
668 2303 948 2402 quinquennium
965 2304 1101 2377 remifit.
1151 2307 1261 2403 Mag-

284 2443 414 2497 netesa
429 2423 562 2521 Sipylo,
588 2423 739 2520 proximi
753 2426 884 2497 damno
900 2451 943 2499 ac
960 2423 1113 2498 remedio
1141 2424 1260 2498 habiti.

281 2543 471 2634 Temnios,
497 2543 800 2639 Philadelphenos,
830 2546 1010 2643 AEgeatas,
1035 2544 1260 2642 Apollonidi·

280 2659 392 2753 enses,
418 2661 552 2760 quique
567 2661 735 2752 Mosteni,
749 2683 854 2760 atque
871 2666 1085 2743 Macedones
1098 2664 1258 2760 Hyrcani

285 2804 469 2871 vocantur,
491 2786 525 2854 δι
555 2780 866 2875 Hierocaesaream,
890 2783 1084 2880 Myrinam,
1101 2785 1253 2881 Cymen,

283 2903 454 2974 Tmolum
465 2901 572 2974 levari
583 2901 677 2974 idem
686 2902 723 2975 in
734 2923 872 3000 tempus
883 2904 1032 2994 tributis,
1042 2903 1203 3001 mittique
1214 2929 1259 2978 ex

281 3020 400 3095 senatu
422 3021 565 3117 placuit,
591 3021 651 3119 qui
674 3021 853 3118 praesentia
871 3023 1050 3121 spedaret‚
1076 3023 1259 3097 refoveret-

283 3165 365 3237 que.
415 3143 579 3214 Deteuus
591 3142 639 3214 est
655 3145 712 3215 M.
731 3144 854 3216 Aletus
870 3168 890 3216 e
908 3141 1087 3240 praetoriis,
1111 3169 1156 3218 ne
1173 3170 1259 3217 con-

281 3261 382 3336 sulati
393 3262 574 3336 obtinente
592 3266 710 3336 Asiam
727 3262 904 3338 aemulatio
920 3261 1009 3336 inter
1026 3287 1135 3359 pares,
1166 3267 1258 3340 &ex

281 3383 626 3480 eoimpedimentum
637 3383 796 3456 oriretur.
1328 3481 1330 3486 Ι

330 3505 498 3576 XLVIII.
522 3505 804 3577 Mnoutsrcnm
835 3503 872 3576 in
897 3503 1076 3601 publicum
1102 3503 1255 3602 largitio·

281 3647 363 3695 nem
387 3622 483 3694 auxit
504 3620 616 3696 Caesar
642 3625 736 3696 haud
765 3623 882 3697 minus
911 3626 1007 3722 grati
1037 3621 1254 3714 liberalitate,

281 3742 380 3836 qudd
400 3744 492 3815 bona
513 3742 668 3815 AErniliae
685 3742 798 3816 Musae
820 3743 1003 3841 locupletis
1021 3741 1183 3814 intestatae
1197 3765 1256 3838 pe*

280 3859 343 3931 tita
364 3859 401 3932 in
416 3859 552 3950 fiscum,
573 3861 723 3936 AEmilio
739 3864 894 3960 Lepid0‚
918 3861 1014 3960 cujus
1036 3889 1056 3936 e
1079 3859 1254 3934 dumovi-

278 3980 443 4067 tlebaturt
468 3979 506 4052 &
530 3981 664 4060 Patulei
688 3981 806 4058 divitis
831 3984 955 4084 equitis
981 3981 1136 4064 Romani
1157 3982 1254 4054 here-
