<?xml version="1.0" encoding="UTF-8"?>
<!DOCTYPE html PUBLIC "-//W3C//DTD XHTML 1.0 Transitional//EN"
    "http://www.w3.org/TR/xhtml1/DTD/xhtml1-transitional.dtd">
<html xmlns="http://www.w3.org/1999/xhtml" xml:lang="en" lang="en">
 <head>
  <title>
</title>
<meta http-equiv="Content-Type" content="text/html;charset=utf-8" />
  <meta name='ocr-system' content='tesseract 3.04.00' />
  <meta name='ocr-capabilities' content='ocr_page ocr_carea ocr_par ocr_line ocrx_word'/>
</head>
<body>
  <div class='ocr_page' id='page_1' title='image "./ccorneliitaciti04freigoog_0043.png"; bbox 0 0 3259 5284; ppageno 0'>
   <div class='ocr_carea' id='block_1_1' title="bbox 1157 563 1249 645">
    <p class='ocr_par' dir='ltr' id='par_1_1' title="bbox 1157 563 1249 645">
     <span class='ocr_line' id='line_1_1' title="bbox 1157 563 1249 645; baseline -0.011 0"><span class='ocrx_word' id='word_1_1' title='bbox 1157 563 1249 645; x_wconf 83' lang='lat' dir='ltr'>xxix</span> 
     </span>
    </p>
   </div>
   <div class='ocr_carea' id='block_1_2' title="bbox 269 769 1340 3374">
    <p class='ocr_par' dir='ltr' id='par_1_2' title="bbox 269 769 1340 3256">
     <span class='ocr_line' id='line_1_2' title="bbox 271 769 1247 872; baseline -0.006 -24"><span class='ocrx_word' id='word_1_2' title='bbox 271 771 425 872; x_wconf 80' lang='lat' dir='ltr'>pronrlit,</span> <span class='ocrx_word' id='word_1_3' title='bbox 452 771 548 871; x_wconf 92' lang='lat' dir='ltr'>quod</span> <span class='ocrx_word' id='word_1_4' title='bbox 563 770 691 846; x_wconf 89' lang='lat' dir='ltr'>Tacito</span> <span class='ocrx_word' id='word_1_5' title='bbox 713 769 909 869; x_wconf 78' lang='lat' dir='ltr'>prodesset:</span> <span class='ocrx_word' id='word_1_6' title='bbox 936 770 1030 845; x_wconf 88' lang='lat' dir='ltr'>unde</span> <span class='ocrx_word' id='word_1_7' title='bbox 1051 792 1145 859; x_wconf 81' lang='lat' dir='ltr'>earn,</span> <span class='ocrx_word' id='word_1_8' title='bbox 1173 771 1247 843; x_wconf 91' lang='lat' dir='ltr'>col-</span> 
     </span>
     <span class='ocr_line' id='line_1_3' title="bbox 272 887 1250 992; baseline -0.006 -25"><span class='ocrx_word' id='word_1_9' title='bbox 272 887 437 992; x_wconf 79' lang='lat' dir='ltr'>legeram,</span> <span class='ocrx_word' id='word_1_10' title='bbox 462 917 482 966; x_wconf 90' lang='lat' dir='ltr'>e</span> <span class='ocrx_word' id='word_1_11' title='bbox 497 891 664 990; x_wconf 88' lang='lat' dir='ltr'>superiori</span> <span class='ocrx_word' id='word_1_12' title='bbox 680 891 739 966; x_wconf 81' lang='lat' dir='ltr'>illa</span> <span class='ocrx_word' id='word_1_13' title='bbox 754 910 866 965; x_wconf 88' lang='lat' dir='ltr'>totam</span> <span class='ocrx_word' id='word_1_14' title='bbox 879 890 1021 965; x_wconf 73' lang='lat' dir='ltr'>donam</span> <span class='ocrx_word' id='word_1_15' title='bbox 1037 891 1113 979; x_wconf 86' lang='lat' dir='ltr'>effe,</span> <span class='ocrx_word' id='word_1_16' title='bbox 1137 911 1250 986; x_wconf 85' lang='lat' dir='ltr'>eaque</span> 
     </span>
     <span class='ocr_line' id='line_1_4' title="bbox 270 1010 1248 1109; baseline -0.004 -23"><span class='ocrx_word' id='word_1_17' title='bbox 270 1011 369 1086; x_wconf 81' lang='lat' dir='ltr'>facile</span> <span class='ocrx_word' id='word_1_18' title='bbox 385 1037 497 1086; x_wconf 84' lang='lat' dir='ltr'>carere</span> <span class='ocrx_word' id='word_1_19' title='bbox 515 1011 622 1109; x_wconf 87' lang='lat' dir='ltr'>posse,</span> <span class='ocrx_word' id='word_1_20' title='bbox 650 1010 712 1109; x_wconf 92' lang='lat' dir='ltr'>qui</span> <span class='ocrx_word' id='word_1_21' title='bbox 729 1011 827 1085; x_wconf 85' lang='lat' dir='ltr'>illam</span> <span class='ocrx_word' id='word_1_22' title='bbox 841 1012 993 1085; x_wconf 81' lang='lat' dir='ltr'>habetet.</span> <span class='ocrx_word' id='word_1_23' title='bbox 1033 1010 1103 1082; x_wconf 88' lang='lat' dir='ltr'>Sed</span> <span class='ocrx_word' id='word_1_24' title='bbox 1114 1030 1248 1099; x_wconf 82' lang='lat' dir='ltr'>tamen,</span> 
     </span>
     <span class='ocr_line' id='line_1_5' title="bbox 271 1125 1248 1228; baseline -0.005 -23"><span class='ocrx_word' id='word_1_25' title='bbox 271 1134 446 1206; x_wconf 79' lang='lat' dir='ltr'>occauone</span> <span class='ocrx_word' id='word_1_26' title='bbox 463 1132 594 1222; x_wconf 84' lang='lat' dir='ltr'>oblata,</span> <span class='ocrx_word' id='word_1_27' title='bbox 619 1129 689 1204; x_wconf 88' lang='lat' dir='ltr'>emi</span> <span class='ocrx_word' id='word_1_28' title='bbox 718 1132 924 1227; x_wconf 83' lang='lat' dir='ltr'>exemplum</span> <span class='ocrx_word' id='word_1_29' title='bbox 947 1127 1019 1228; x_wconf 87' lang='lat' dir='ltr'>ejus</span> <span class='ocrx_word' id='word_1_30' title='bbox 1043 1133 1078 1203; x_wconf 73' lang='grc' dir='ltr'>δι</span> <span class='ocrx_word' id='word_1_31' title='bbox 1101 1125 1248 1224; x_wconf 86' lang='lat' dir='ltr'>inspexi.</span> 
     </span>
     <span class='ocr_line' id='line_1_6' title="bbox 272 1246 1249 1348; baseline -0.005 -23"><span class='ocrx_word' id='word_1_32' title='bbox 272 1251 392 1325; x_wconf 87' lang='lat' dir='ltr'>Habet</span> <span class='ocrx_word' id='word_1_33' title='bbox 409 1270 525 1328; x_wconf 86' lang='lat' dir='ltr'>autern</span> <span class='ocrx_word' id='word_1_34' title='bbox 543 1247 844 1348; x_wconf 73' lang='lat' dir='ltr'>praefatiunculam</span> <span class='ocrx_word' id='word_1_35' title='bbox 858 1248 956 1323; x_wconf 89' lang='lat' dir='ltr'>Rivii</span> <span class='ocrx_word' id='word_1_36' title='bbox 974 1251 1131 1338; x_wconf 87' lang='lat' dir='ltr'>brevem,</span> <span class='ocrx_word' id='word_1_37' title='bbox 1159 1253 1194 1321; x_wconf 65' lang='grc' dir='ltr'>ὃς</span> <span class='ocrx_word' id='word_1_38' title='bbox 1210 1246 1249 1320; x_wconf 93' lang='lat' dir='ltr'>in</span> 
     </span>
     <span class='ocr_line' id='line_1_7' title="bbox 271 1364 1250 1468; baseline -0.006 -24"><span class='ocrx_word' id='word_1_39' title='bbox 271 1395 311 1444; x_wconf 78' lang='lat' dir='ltr'>ea</span> <span class='ocrx_word' id='word_1_40' title='bbox 337 1370 531 1444; x_wconf 87' lang='lat' dir='ltr'>breviorem</span> <span class='ocrx_word' id='word_1_41' title='bbox 561 1370 666 1444; x_wconf 82' lang='lat' dir='ltr'>etiam</span> <span class='ocrx_word' id='word_1_42' title='bbox 693 1365 937 1468; x_wconf 76' lang='lat' dir='ltr'>professionem</span> <span class='ocrx_word' id='word_1_43' title='bbox 964 1369 1011 1441; x_wconf 89' lang='lat' dir='ltr'>de</span> <span class='ocrx_word' id='word_1_44' title='bbox 1035 1391 1142 1464; x_wconf 82' lang='lat' dir='ltr'>opera</span> <span class='ocrx_word' id='word_1_45' title='bbox 1167 1390 1189 1438; x_wconf 83' lang='lat' dir='ltr'>a</span> <span class='ocrx_word' id='word_1_46' title='bbox 1215 1364 1250 1439; x_wconf 86' lang='lat' dir='ltr'>se</span> 
     </span>
     <span class='ocr_line' id='line_1_8' title="bbox 270 1484 1247 1587; baseline -0.003 -24"><span class='ocrx_word' id='word_1_47' title='bbox 270 1507 405 1563; x_wconf 81' lang='lat' dir='ltr'>navata.</span> <span class='ocrx_word' id='word_1_48' title='bbox 441 1491 541 1587; x_wconf 89' lang='lat' dir='ltr'>Opus</span> <span class='ocrx_word' id='word_1_49' title='bbox 558 1508 689 1580; x_wconf 88' lang='lat' dir='ltr'>totum,</span> <span class='ocrx_word' id='word_1_50' title='bbox 707 1508 845 1586; x_wconf 82' lang='lat' dir='ltr'>recepta</span> <span class='ocrx_word' id='word_1_51' title='bbox 856 1512 957 1562; x_wconf 82' lang='lat' dir='ltr'>novae</span> <span class='ocrx_word' id='word_1_52' title='bbox 976 1484 1137 1561; x_wconf 84' lang='lat' dir='ltr'>editionis</span> <span class='ocrx_word' id='word_1_53' title='bbox 1152 1510 1247 1575; x_wconf 83' lang='lat' dir='ltr'>cura,</span> 
     </span>
     <span class='ocr_line' id='line_1_9' title="bbox 269 1607 1249 1706; baseline -0.003 -25"><span class='ocrx_word' id='word_1_54' title='bbox 269 1607 487 1705; x_wconf 86' lang='lat' dir='ltr'>septimum,</span> <span class='ocrx_word' id='word_1_55' title='bbox 512 1607 573 1698; x_wconf 88' lang='lat' dir='ltr'>ait,</span> <span class='ocrx_word' id='word_1_56' title='bbox 607 1607 817 1706; x_wconf 75' lang='lat' dir='ltr'>percurrisse,</span> <span class='ocrx_word' id='word_1_57' title='bbox 851 1607 889 1680; x_wconf 92' lang='lat' dir='ltr'>in</span> <span class='ocrx_word' id='word_1_58' title='bbox 913 1630 1028 1705; x_wconf 86' lang='lat' dir='ltr'>eoque</span> <span class='ocrx_word' id='word_1_59' title='bbox 1052 1623 1105 1677; x_wconf 96' lang='lat' dir='ltr'>tot</span> <span class='ocrx_word' id='word_1_60' title='bbox 1128 1625 1249 1696; x_wconf 82' lang='lat' dir='ltr'>errata,</span> 
     </span>
     <span class='ocr_line' id='line_1_10' title="bbox 270 1723 1249 1826; baseline -0.002 -26"><span class='ocrx_word' id='word_1_61' title='bbox 270 1747 325 1802; x_wconf 93' lang='lat' dir='ltr'>tot</span> <span class='ocrx_word' id='word_1_62' title='bbox 341 1754 459 1803; x_wconf 87' lang='lat' dir='ltr'>naevos</span> <span class='ocrx_word' id='word_1_63' title='bbox 477 1727 648 1826; x_wconf 78' lang='lat' dir='ltr'>reperisse,</span> <span class='ocrx_word' id='word_1_64' title='bbox 676 1748 713 1801; x_wconf 90' lang='lat' dir='ltr'>ut</span> <span class='ocrx_word' id='word_1_65' title='bbox 730 1727 813 1801; x_wconf 90' lang='lat' dir='ltr'>locis</span> <span class='ocrx_word' id='word_1_66' title='bbox 828 1726 929 1824; x_wconf 88' lang='lat' dir='ltr'>supra</span> <span class='ocrx_word' id='word_1_67' title='bbox 944 1724 1041 1799; x_wconf 89' lang='lat' dir='ltr'>mille</span> <span class='ocrx_word' id='word_1_68' title='bbox 1053 1723 1249 1798; x_wconf 84' lang='lat' dir='ltr'>correxerit.</span> 
     </span>
     <span class='ocr_line' id='line_1_11' title="bbox 270 1840 1249 1948; baseline -0.004 -26"><span class='ocrx_word' id='word_1_69' title='bbox 270 1849 343 1948; x_wconf 73' lang='lat' dir='ltr'>Qu</span> <span class='ocrx_word' id='word_1_70' title='bbox 357 1917 361 1926; x_wconf 89' lang='grc'><strong>,</strong></span> <span class='ocrx_word' id='word_1_71' title='bbox 374 1847 587 1946; x_wconf 77' lang='lat' dir='ltr'>professionis</span> <span class='ocrx_word' id='word_1_72' title='bbox 626 1847 814 1921; x_wconf 88' lang='lat' dir='ltr'>modus&amp;</span> <span class='ocrx_word' id='word_1_73' title='bbox 845 1841 1024 1919; x_wconf 86' lang='lat' dir='ltr'>consensus</span> <span class='ocrx_word' id='word_1_74' title='bbox 1062 1840 1133 1942; x_wconf 84' lang='lat' dir='ltr'>ejus</span> <span class='ocrx_word' id='word_1_75' title='bbox 1164 1871 1249 1918; x_wconf 89' lang='lat' dir='ltr'>curn</span> 
     </span>
     <span class='ocr_line' id='line_1_12' title="bbox 272 1962 1249 2064; baseline -0.006 -22"><span class='ocrx_word' id='word_1_76' title='bbox 272 1987 370 2042; x_wconf 82' lang='lat' dir='ltr'>textu</span> <span class='ocrx_word' id='word_1_77' title='bbox 387 1967 584 2056; x_wconf 84' lang='lat' dir='ltr'>Puteolani,</span> <span class='ocrx_word' id='word_1_78' title='bbox 603 1991 709 2064; x_wconf 86' lang='lat' dir='ltr'>quern</span> <span class='ocrx_word' id='word_1_79' title='bbox 725 1965 762 2038; x_wconf 92' lang='lat' dir='ltr'>in</span> <span class='ocrx_word' id='word_1_80' title='bbox 778 1963 873 2038; x_wconf 84' lang='lat' dir='ltr'>notis</span> <span class='ocrx_word' id='word_1_81' title='bbox 887 1962 1133 2054; x_wconf 81' lang='lat' dir='ltr'>indicavimus,</span> <span class='ocrx_word' id='word_1_82' title='bbox 1157 1964 1249 2038; x_wconf 87' lang='lat' dir='ltr'>clare</span> 
     </span>
     <span class='ocr_line' id='line_1_13' title="bbox 271 2081 1248 2182; baseline -0.003 -22"><span class='ocrx_word' id='word_1_83' title='bbox 271 2085 414 2180; x_wconf 84' lang='lat' dir='ltr'>indicat,</span> <span class='ocrx_word' id='word_1_84' title='bbox 438 2086 598 2161; x_wconf 86' lang='lat' dir='ltr'>editionis</span> <span class='ocrx_word' id='word_1_85' title='bbox 613 2088 756 2160; x_wconf 84' lang='lat' dir='ltr'>Venetae</span> <span class='ocrx_word' id='word_1_86' title='bbox 783 2083 942 2182; x_wconf 83' lang='lat' dir='ltr'>proxime</span> <span class='ocrx_word' id='word_1_87' title='bbox 957 2083 1149 2181; x_wconf 84' lang='lat' dir='ltr'>superioris,</span> <span class='ocrx_word' id='word_1_88' title='bbox 1177 2081 1199 2156; x_wconf 90' lang='lat' dir='ltr'>i.</span> <span class='ocrx_word' id='word_1_89' title='bbox 1213 2109 1248 2158; x_wconf 86' lang='lat' dir='ltr'>e.</span> 
     </span>
     <span class='ocr_line' id='line_1_14' title="bbox 271 2198 1249 2304; baseline -0.001 -26"><span class='ocrx_word' id='word_1_90' title='bbox 271 2231 301 2278; x_wconf 77' lang='lat' dir='ltr'>a.</span> <span class='ocrx_word' id='word_1_91' title='bbox 324 2229 427 2304; x_wconf 86' lang='lat'>1497.</span> <span class='ocrx_word' id='word_1_92' title='bbox 451 2206 655 2303; x_wconf 86' lang='lat' dir='ltr'>exemplum</span> <span class='ocrx_word' id='word_1_93' title='bbox 671 2205 716 2278; x_wconf 83' lang='lat' dir='ltr'>ab</span> <span class='ocrx_word' id='word_1_94' title='bbox 733 2229 775 2278; x_wconf 93' lang='lat' dir='ltr'>eo</span> <span class='ocrx_word' id='word_1_95' title='bbox 795 2203 843 2276; x_wconf 76' lang='lat' dir='ltr'>ite</span> <span class='ocrx_word' id='word_1_96' title='bbox 860 2198 963 2300; x_wconf 87' lang='lat' dir='ltr'>prelis</span> <span class='ocrx_word' id='word_1_97' title='bbox 985 2201 1249 2302; x_wconf 80' lang='lat' dir='ltr'>typographicis</span> 
     </span>
     <span class='ocr_line' id='line_1_15' title="bbox 271 2321 1248 2420; baseline -0.004 -20"><span class='ocrx_word' id='word_1_98' title='bbox 271 2324 579 2400; x_wconf 81' lang='lat' dir='ltr'>accommodatum</span> <span class='ocrx_word' id='word_1_99' title='bbox 601 2323 680 2412; x_wconf 88' lang='lat' dir='ltr'>esse,</span> <span class='ocrx_word' id='word_1_100' title='bbox 708 2341 747 2397; x_wconf 91' lang='lat' dir='ltr'>ut</span> <span class='ocrx_word' id='word_1_101' title='bbox 774 2347 958 2420; x_wconf 86' lang='lat' dir='ltr'>operarum</span> <span class='ocrx_word' id='word_1_102' title='bbox 974 2321 1059 2395; x_wconf 87' lang='lat' dir='ltr'>vitia</span> <span class='ocrx_word' id='word_1_103' title='bbox 1084 2321 1248 2398; x_wconf 85' lang='lat' dir='ltr'>tolleren-</span> 
     </span>
     <span class='ocr_line' id='line_1_16' title="bbox 270 2439 1248 2541; baseline 0 -24"><span class='ocrx_word' id='word_1_104' title='bbox 270 2463 341 2534; x_wconf 87' lang='lat' dir='ltr'>tur,</span> <span class='ocrx_word' id='word_1_105' title='bbox 368 2469 446 2541; x_wconf 84' lang='lat' dir='ltr'>quae</span> <span class='ocrx_word' id='word_1_106' title='bbox 471 2461 633 2540; x_wconf 83' lang='lat' dir='ltr'>praeterea</span> <span class='ocrx_word' id='word_1_107' title='bbox 660 2439 780 2516; x_wconf 84' lang='lat' dir='ltr'>vitiosa</span> <span class='ocrx_word' id='word_1_108' title='bbox 806 2442 1019 2534; x_wconf 87' lang='lat' dir='ltr'>viderentur,</span> <span class='ocrx_word' id='word_1_109' title='bbox 1046 2442 1092 2516; x_wconf 86' lang='lat' dir='ltr'>de</span> <span class='ocrx_word' id='word_1_110' title='bbox 1112 2440 1248 2541; x_wconf 88' lang='lat' dir='ltr'>judicio</span> 
     </span>
     <span class='ocr_line' id='line_1_17' title="bbox 270 2561 1248 2661; baseline 0.001 -25"><span class='ocrx_word' id='word_1_111' title='bbox 270 2562 333 2637; x_wconf 90' lang='lat' dir='ltr'>suo</span> <span class='ocrx_word' id='word_1_112' title='bbox 349 2563 545 2661; x_wconf 87' lang='lat' dir='ltr'>corrigeret.</span> <span class='ocrx_word' id='word_1_113' title='bbox 594 2563 725 2659; x_wconf 82' lang='lat' dir='ltr'>inquo</span> <span class='ocrx_word' id='word_1_114' title='bbox 748 2585 855 2658; x_wconf 85' lang='lat' dir='ltr'>quarn</span> <span class='ocrx_word' id='word_1_115' title='bbox 878 2561 910 2634; x_wconf 86' lang='lat' dir='ltr'>ei</span> <span class='ocrx_word' id='word_1_116' title='bbox 935 2561 1110 2636; x_wconf 86' lang='lat' dir='ltr'>interdum</span> <span class='ocrx_word' id='word_1_117' title='bbox 1133 2562 1248 2637; x_wconf 89' lang='lat' dir='ltr'>infeli·</span> 
     </span>
     <span class='ocr_line' id='line_1_18' title="bbox 273 2679 1248 2778; baseline -0.001 -21"><span class='ocrx_word' id='word_1_118' title='bbox 273 2682 358 2757; x_wconf 89' lang='lat' dir='ltr'>citer</span> <span class='ocrx_word' id='word_1_119' title='bbox 380 2707 433 2755; x_wconf 90' lang='lat' dir='ltr'>res</span> <span class='ocrx_word' id='word_1_120' title='bbox 449 2680 655 2770; x_wconf 87' lang='lat' dir='ltr'>successerit,</span> <span class='ocrx_word' id='word_1_121' title='bbox 683 2681 849 2777; x_wconf 86' lang='lat' dir='ltr'>exemplo</span> <span class='ocrx_word' id='word_1_122' title='bbox 864 2679 931 2754; x_wconf 89' lang='lat' dir='ltr'>esse</span> <span class='ocrx_word' id='word_1_123' title='bbox 948 2679 1061 2778; x_wconf 89' lang='lat' dir='ltr'>potest</span> <span class='ocrx_word' id='word_1_124' title='bbox 1081 2683 1248 2756; x_wconf 68' lang='lat' dir='ltr'>correstio</span> 
     </span>
     <span class='ocr_line' id='line_1_19' title="bbox 272 2800 1249 2901; baseline 0 -25"><span class='ocrx_word' id='word_1_125' title='bbox 272 2819 393 2876; x_wconf 82' lang='lat' dir='ltr'>notata</span> <span class='ocrx_word' id='word_1_126' title='bbox 408 2802 453 2876; x_wconf 78' lang='lat' dir='ltr'>ad</span> <span class='ocrx_word' id='word_1_127' title='bbox 483 2805 531 2874; x_wconf 82' lang='lat' dir='ltr'>A.</span> <span class='ocrx_word' id='word_1_128' title='bbox 549 2801 617 2890; x_wconf 89' lang='lat' dir='ltr'>XI,</span> <span class='ocrx_word' id='word_1_129' title='bbox 645 2825 681 2892; x_wconf 91' lang='lat'>4.</span> <span class='ocrx_word' id='word_1_130' title='bbox 730 2800 894 2874; x_wconf 87' lang='lat' dir='ltr'>Ceterum</span> <span class='ocrx_word' id='word_1_131' title='bbox 917 2804 952 2872; x_wconf 76' lang='lat' dir='ltr'>sc</span> <span class='ocrx_word' id='word_1_132' title='bbox 976 2801 1066 2873; x_wconf 81' lang='lat' dir='ltr'>hanc</span> <span class='ocrx_word' id='word_1_133' title='bbox 1087 2801 1249 2901; x_wconf 84' lang='lat' dir='ltr'>intelligit</span> 
     </span>
     <span class='ocr_line' id='line_1_20' title="bbox 273 2918 1249 3018; baseline -0.001 -24"><span class='ocrx_word' id='word_1_134' title='bbox 273 2919 427 3018; x_wconf 77' lang='lat' dir='ltr'>Lipsius,</span> <span class='ocrx_word' id='word_1_135' title='bbox 451 2918 625 2992; x_wconf 87' lang='lat' dir='ltr'>interdum</span> <span class='ocrx_word' id='word_1_136' title='bbox 655 2941 737 2992; x_wconf 90' lang='lat' dir='ltr'>cum</span> <span class='ocrx_word' id='word_1_137' title='bbox 754 2920 926 2992; x_wconf 81' lang='lat' dir='ltr'>Venetam</span> <span class='ocrx_word' id='word_1_138' title='bbox 942 2940 1194 2993; x_wconf 82' lang='lat' dir='ltr'>commemorat</span> <span class='ocrx_word' id='word_1_139' title='bbox 1210 2918 1249 2994; x_wconf 92' lang='lat' dir='ltr'>in</span> 
     </span>
     <span class='ocr_line' id='line_1_21' title="bbox 274 3036 1248 3136; baseline -0.001 -23"><span class='ocrx_word' id='word_1_140' title='bbox 274 3039 355 3114; x_wconf 85' lang='lat' dir='ltr'>edd.</span> <span class='ocrx_word' id='word_1_141' title='bbox 385 3036 645 3136; x_wconf 83' lang='lat' dir='ltr'>posterioribus,</span> <span class='ocrx_word' id='word_1_142' title='bbox 673 3056 712 3110; x_wconf 93' lang='lat' dir='ltr'>ut</span> <span class='ocrx_word' id='word_1_143' title='bbox 740 3037 861 3135; x_wconf 82' lang='lat' dir='ltr'>colligi</span> <span class='ocrx_word' id='word_1_144' title='bbox 889 3037 1002 3134; x_wconf 90' lang='lat' dir='ltr'>potest</span> <span class='ocrx_word' id='word_1_145' title='bbox 1029 3062 1050 3109; x_wconf 89' lang='lat' dir='ltr'>e</span> <span class='ocrx_word' id='word_1_146' title='bbox 1074 3057 1159 3113; x_wconf 83' lang='lat' dir='ltr'>nota</span> <span class='ocrx_word' id='word_1_147' title='bbox 1189 3039 1248 3114; x_wconf 86' lang='lat' dir='ltr'>ed.</span> 
     </span>
     <span class='ocr_line' id='line_1_22' title="bbox 274 3155 1340 3256; baseline 0.002 -24"><span class='ocrx_word' id='word_1_148' title='bbox 274 3157 404 3256; x_wconf 83' lang='lat' dir='ltr'>quintae</span> <span class='ocrx_word' id='word_1_149' title='bbox 422 3157 467 3232; x_wconf 84' lang='lat' dir='ltr'>ad</span> <span class='ocrx_word' id='word_1_150' title='bbox 486 3157 554 3248; x_wconf 89' lang='lat' dir='ltr'>XI,</span> <span class='ocrx_word' id='word_1_151' title='bbox 585 3159 639 3230; x_wconf 86' lang='lat'>18.</span> <span class='ocrx_word' id='word_1_152' title='bbox 663 3156 733 3231; x_wconf 89' lang='lat' dir='ltr'>vid.</span> <span class='ocrx_word' id='word_1_153' title='bbox 756 3156 806 3232; x_wconf 91' lang='lat' dir='ltr'>ibi</span> <span class='ocrx_word' id='word_1_154' title='bbox 824 3175 944 3230; x_wconf 75' lang='lat' dir='ltr'>notam</span> <span class='ocrx_word' id='word_1_155' title='bbox 960 3155 1108 3232; x_wconf 80' lang='lat' dir='ltr'>nostram</span> <span class='ocrx_word' id='word_1_156' title='bbox 1123 3184 1160 3233; x_wconf 92' lang='lat' dir='ltr'>n.</span> <span class='ocrx_word' id='word_1_157' title='bbox 1179 3183 1244 3234; x_wconf 60' lang='lat' dir='ltr'>tor</span> <span class='ocrx_word' id='word_1_158' title='bbox 1339 3178 1340 3181; x_wconf 75' lang='grc'>’</span> 
     </span>
    </p>

    <p class='ocr_par' dir='ltr' id='par_1_3' title="bbox 321 3274 1248 3374">
     <span class='ocr_line' id='line_1_23' title="bbox 321 3274 1248 3374; baseline 0.001 -21"><span class='ocrx_word' id='word_1_159' title='bbox 321 3279 429 3353; x_wconf 82' lang='lat' dir='ltr'>Hanc</span> <span class='ocrx_word' id='word_1_160' title='bbox 449 3274 587 3373; x_wconf 85' lang='lat' dir='ltr'>excepit</span> <span class='ocrx_word' id='word_1_161' title='bbox 612 3275 721 3350; x_wconf 89' lang='lat' dir='ltr'>editio</span> <span class='ocrx_word' id='word_1_162' title='bbox 747 3277 896 3374; x_wconf 79' lang='lat' dir='ltr'>Philippi</span> <span class='ocrx_word' id='word_1_163' title='bbox 912 3275 1061 3350; x_wconf 82' lang='lat' dir='ltr'>Beroaldi</span> <span class='ocrx_word' id='word_1_164' title='bbox 1083 3278 1248 3373; x_wconf 83' lang='lat' dir='ltr'>Junioris,</span> 
     </span>
    </p>
   </div>
   <div class='ocr_carea' id='block_1_3' title="bbox 273 3393 1249 4102">
    <p class='ocr_par' dir='ltr' id='par_1_4' title="bbox 273 3393 1249 4102">
     <span class='ocr_line' id='line_1_24' title="bbox 273 3393 1248 3495; baseline 0.003 -24"><span class='ocrx_word' id='word_1_165' title='bbox 273 3395 478 3472; x_wconf 81' lang='lat' dir='ltr'>nitidissimis</span> <span class='ocrx_word' id='word_1_166' title='bbox 505 3394 629 3468; x_wconf 82' lang='lat' dir='ltr'>chartis</span> <span class='ocrx_word' id='word_1_167' title='bbox 651 3393 822 3493; x_wconf 86' lang='lat' dir='ltr'>typisque,</span> <span class='ocrx_word' id='word_1_168' title='bbox 849 3421 911 3494; x_wconf 85' lang='lat' dir='ltr'>per</span> <span class='ocrx_word' id='word_1_169' title='bbox 936 3396 1151 3495; x_wconf 80' lang='lat' dir='ltr'>Magistrum</span> <span class='ocrx_word' id='word_1_170' title='bbox 1173 3400 1248 3474; x_wconf 88' lang='lat' dir='ltr'>Ste-</span> 
     </span>
     <span class='ocr_line' id='line_1_25' title="bbox 273 3512 1248 3615; baseline 0.004 -26"><span class='ocrx_word' id='word_1_171' title='bbox 273 3517 430 3615; x_wconf 83' lang='lat' dir='ltr'>phanum</span> <span class='ocrx_word' id='word_1_172' title='bbox 446 3513 628 3588; x_wconf 88' lang='lat' dir='ltr'>Guillereti</span> <span class='ocrx_word' id='word_1_173' title='bbox 644 3515 690 3588; x_wconf 89' lang='lat' dir='ltr'>de</span> <span class='ocrx_word' id='word_1_174' title='bbox 701 3512 943 3613; x_wconf 85' lang='lat' dir='ltr'>Lotharingia,</span> <span class='ocrx_word' id='word_1_175' title='bbox 961 3516 1134 3591; x_wconf 84' lang='lat' dir='ltr'>Tullenfis</span> <span class='ocrx_word' id='word_1_176' title='bbox 1150 3518 1248 3594; x_wconf 91' lang='lat' dir='ltr'>dioe-</span> 
     </span>
     <span class='ocr_line' id='line_1_26' title="bbox 274 3633 1249 3730; baseline 0.004 -20"><span class='ocrx_word' id='word_1_177' title='bbox 274 3633 402 3724; x_wconf 86' lang='lat' dir='ltr'>ceseos,</span> <span class='ocrx_word' id='word_1_178' title='bbox 428 3638 555 3708; x_wconf 85' lang='lat' dir='ltr'>Romae</span> <span class='ocrx_word' id='word_1_179' title='bbox 577 3656 679 3730; x_wconf 82' lang='lat'>1515.</span> <span class='ocrx_word' id='word_1_180' title='bbox 698 3635 783 3706; x_wconf 75' lang='lat' dir='ltr'>Kar:</span> <span class='ocrx_word' id='word_1_181' title='bbox 799 3637 908 3710; x_wconf 83' lang='lat' dir='ltr'>Mart.</span> <span class='ocrx_word' id='word_1_182' title='bbox 924 3636 1055 3709; x_wconf 79' lang='lat' dir='ltr'>Leonis</span> <span class='ocrx_word' id='word_1_183' title='bbox 1072 3639 1120 3710; x_wconf 82' lang='lat' dir='ltr'>X.</span> <span class='ocrx_word' id='word_1_184' title='bbox 1146 3641 1249 3714; x_wconf 85' lang='lat' dir='ltr'>Pont.</span> 
     </span>
     <span class='ocr_line' id='line_1_27' title="bbox 273 3750 1248 3849; baseline -0.002 -17"><span class='ocrx_word' id='word_1_185' title='bbox 273 3755 377 3832; x_wconf 79' lang='lat' dir='ltr'><strong>Max.</strong></span> <span class='ocrx_word' id='word_1_186' title='bbox 406 3778 499 3848; x_wconf 85' lang='lat' dir='ltr'>anno</span> <span class='ocrx_word' id='word_1_187' title='bbox 525 3751 689 3826; x_wconf 88' lang='lat' dir='ltr'>secundo.</span> <span class='ocrx_word' id='word_1_188' title='bbox 748 3750 1046 3828; x_wconf 81' lang='lat' dir='ltr'>Praefntiunculatn</span> <span class='ocrx_word' id='word_1_189' title='bbox 1074 3757 1248 3849; x_wconf 83' lang='lat' dir='ltr'>Beroaldi,</span> 
     </span>
     <span class='ocr_line' id='line_1_28' title="bbox 274 3869 1247 3971; baseline 0.004 -24"><span class='ocrx_word' id='word_1_190' title='bbox 274 3897 352 3970; x_wconf 83' lang='lat' dir='ltr'>quae</span> <span class='ocrx_word' id='word_1_191' title='bbox 369 3870 585 3946; x_wconf 81' lang='lat' dir='ltr'>adeditionis</span> <span class='ocrx_word' id='word_1_192' title='bbox 598 3869 769 3947; x_wconf 80' lang='lat' dir='ltr'>rationem</span> <span class='ocrx_word' id='word_1_193' title='bbox 781 3871 940 3970; x_wconf 91' lang='lat' dir='ltr'>pertinet,</span> <span class='ocrx_word' id='word_1_194' title='bbox 958 3872 1040 3971; x_wconf 83' lang='lat' dir='ltr'>quia</span> <span class='ocrx_word' id='word_1_195' title='bbox 1057 3875 1173 3950; x_wconf 88' lang='lat' dir='ltr'>brevis</span> <span class='ocrx_word' id='word_1_196' title='bbox 1183 3879 1247 3969; x_wconf 89' lang='lat' dir='ltr'>est,</span> 
     </span>
     <span class='ocr_line' id='line_1_29' title="bbox 275 3987 1249 4102; baseline 0.009 -37"><span class='ocrx_word' id='word_1_197' title='bbox 275 3991 495 4074; x_wconf 80' lang='lat' dir='ltr'>liberantem</span> <span class='ocrx_word' id='word_1_198' title='bbox 519 3989 590 4090; x_wconf 87' lang='lat' dir='ltr'>ipse</span> <span class='ocrx_word' id='word_1_199' title='bbox 618 3987 814 4084; x_wconf 80' lang='lat' dir='ltr'>rariffimus,</span> <span class='ocrx_word' id='word_1_200' title='bbox 841 3990 1073 4092; x_wconf 85' lang='lat' dir='ltr'>subjecimus:</span> <span class='ocrx_word' id='word_1_201' title='bbox 1103 3995 1249 4102; x_wconf 83' lang='lat' dir='ltr'>Philipp.</span> 
     </span>
    </p>
   </div>
   <div class='ocr_carea' id='block_1_4' title="bbox 0 0 1636 5284">
    <p class='ocr_par' dir='ltr' id='par_1_5' title="bbox 0 0 1636 5284">
     <span class='ocr_line' id='line_1_30' title="bbox 0 0 1636 5284; baseline 0 0"><span class='ocrx_word' id='word_1_202' title='bbox 0 0 1636 5284; x_wconf 95' lang='lat' dir='ltr'> </span> 
     </span>
    </p>
   </div>
  </div>
 </body>
</html>
