3259 5284
493 601 798 672 nunrrrnn
830 598 944 672 Lrn.
976 599 1004 670 Ι.
1188 622 1235 698 25

261 775 292 816 “
310 792 394 868 ergo
411 767 563 842 senatum
596 767 859 861 consulendum,
890 769 1047 866 quotiens
1072 766 1236 866 supplicia

262 898 291 934 “
308 910 366 964 aut
382 887 503 988 prtelia
527 889 744 964 indicantur:
765 913 809 962 an
836 889 976 987 premia
990 887 1053 962 sub
1069 889 1233 984 dominis,

262 1019 291 1055 ‘⁴
310 1033 428 1108 poenas
446 1013 513 1084 fine
530 998 657 1083 arbitro
674 1011 740 1082 effe
754 1013 766 1083 l
781 1011 804 1042 ''
1130 1026 1132 1028 ’

312 1132 463 1204 XXVII.
495 1131 708 1203 Postremo
736 1129 894 1202 deserunt
909 1129 1072 1219 tribunal,
1101 1150 1140 1204 ut
1157 1133 1236 1230 quis

262 1251 542 1348 pretorianorum
570 1247 733 1339 militum,
759 1250 994 1322 amicorumve
1010 1249 1149 1323 Caesaris
1173 1277 1233 1325 oc·
1290 1270 1292 1273 ·

261 1389 425 1459 curreret,
454 1393 575 1442 manus
590 1355 810 1460 intentantes,
841 1367 974 1443 causam
989 1367 1179 1461 discordiae,
1198 1375 1235 1444 tr

259 1489 395 1562 initium
421 1511 618 1561 armorum:
654 1489 805 1562 maxime
834 1488 952 1562 infensi
979 1491 1044 1562 Cn.
1062 1492 1232 1583 Lentulo,

262 1609 368 1708 qubd¹
383 1609 410 1681 is
437 1628 515 1681 ante
543 1607 625 1681 alios
651 1627 747 1681 aetate
775 1611 807 1680 δι
836 1608 945 1706 glorid
970 1607 1065 1698 belli,
1096 1611 1236 1684 firmare

260 1727 412 1802 Drusum
434 1708 650 1817 credebatur,
680 1731 714 1800 δι
730 1727 788 1800 illa
805 1726 932 1799 militiae
948 1726 1077 1825 flagitia
1103 1727 1234 1823 primus

260 1846 438 1943 aspernari.
467 1848 545 1919 Nec
562 1846 672 1920 multo
690 1847 764 1943 post
789 1845 1042 1944 digredientem
1058 1870 1139 1920 cum
1155 1848 1232 1922 Cae-

261 1963 345 2054 sare,
363 1991 402 2038 ac
419 1961 555 2062 provisu
573 1966 713 2063 periculi
729 1965 874 2039 hiberna
884 1963 990 2038 castra
1004 1985 1233 2062 repetentem,

259 2084 519 2174 circumsistunt,
548 2085 747 2183 rogitantes,
770 2091 798 2126 ‘⁴
817 2079 887 2181 qud
905 2089 1086 2181 pergeret?
1106 2087 1150 2158 ad
1166 2086 1233 2158 im·

210 2271 212 2275 .
261 2211 289 2246 “
307 2224 512 2302 peratorem,
543 2229 587 2276 an
604 2205 648 2276 ad
665 2207 802 2301 patres?
820 2223 861 2276 ut
884 2201 954 2276 illic
980 2227 1121 2302 quoque
1136 2229 1233 2278 com-

262 2329 290 2366 “
308 2323 420 2396 modis
437 2323 615 2421 legionum
628 2321 885 2396 adversaretur?
901 2323 924 2354 '⁹
941 2326 1039 2396 simul
1051 2324 1231 2423 ingruunt,

259 2441 339 2515 saxa
348 2440 480 2542 jaciunt
494 2472 502 2516 :
516 2441 660 2542 jamque
688 2440 808 2538 lapidis
826 2441 894 2513 ictu
911 2463 1086 2533 cruentus,
1106 2448 1140 2516 tt
1157 2445 1233 2516 exi-

258 2562 295 2634 tii
312 2583 437 2652 certus,
467 2559 610 2635 adcursu
643 2560 883 2651 multitudinis,
915 2585 992 2658 quae
1009 2587 1091 2635 cum
1118 2563 1234 2636 Druso

258 2681 457 2768 advenerat,
477 2679 725 2776 protectusest.

306 2801 475 2872 XXVIII.
495 2801 669 2871 Nocrunr
687 2797 872 2886 minacem,
904 2802 938 2870 er
954 2798 991 2870 in
1007 2799 1113 2871 scelus
1130 2825 1232 2896 erup·

258 2937 385 3008 turam,
415 2919 484 2991 sors
513 2917 655 2990 lenivit:
675 2941 756 2990 narn
773 2918 856 2989 luna
870 2917 964 2989 claro
980 2918 1119 3013 repente
1147 2921 1235 2993 caelo

259 3035 329 3108 visa
344 3035 571 3136 languescere.
598 3037 639 3108 ld
655 3037 767 3126 miles,
797 3036 934 3109 rationis
949 3036 1102 3135 ignarus,
1129 3062 1234 3112 omen

259 3155 475 3254 presentium
492 3155 637 3253 accepit,
667 3181 706 3228 ac
722 3151 786 3228 suis
803 3155 978 3229 laboribus
1004 3153 1233 3233 desedionem

260 3277 372 3350 srderis
389 3277 608 3364 adsimulans,
629 3271 856 3372 prospereque
872 3276 1000 3348 cessura
1016 3303 1093 3373 quae
1111 3301 1234 3377 perge·

258 3415 347 3484 rent,
361 3397 382 3466 sr
394 3393 509 3492 fulgor
523 3392 736 3466 &claritudo
748 3395 821 3466 deae
834 3393 1042 3467 redderetur.
1065 3397 1176 3496 Igitur
1186 3426 1232 3472 ae·

259 3513 302 3586 ris
319 3510 416 3603 sono,
435 3517 597 3588 tubarum
619 3537 859 3614 cornuumque
874 3493 1045 3586 concentu
1059 3515 1231 3614 strepere:

258 3651 361 3729 prout
393 3632 615 3730 splendidior,
645 3631 879 3722 obscuriorve,
909 3631 1029 3722 letari,
1064 3654 1122 3706 aut
1149 3661 1232 3710 mae-

256 3775 353 3823 rere:
374 3755 408 3824 δι
427 3751 606 3850 postquam
632 3771 717 3824 ortae
744 3756 854 3826 nubes
869 3751 1016 3826 offecere
1032 3751 1130 3844 visui,
1160 3781 1234 3830 cre-

255 3869 438 3966 ditumque
464 3871 639 3944 conditam
667 3871 816 3945 tenebris
828 3901 839 3958 3
857 3891 896 3945 ut
922 3872 999 3946 sunt
1027 3874 1174 3948 mobiles
1189 3879 1235 3949 ad

255 3988 523 4088 superstitionem
541 3990 701 4089 perculsae
717 3989 821 4065 semel
848 4011 994 4083 mentes,
1010 3999 1039 4037 “
1058 3993 1120 4067 fibi
1135 4013 1232 4066 reter-
