3259 5284
461 611 770 683 Anuntrunr
800 603 983 682 Linll.
1184 631 1249 706 ¹27

319 783 491 858 LXXVI.
510 789 785 856 Anrsuennur
799 781 1029 870 centuriones,
1047 782 1252 854 monebant-

281 928 350 1000 que
395 910 605 1000 “prompta
630 902 680 975 illi
708 901 889 1000 legionum
917 901 1051 974 studia:
1088 919 1255 997 repeteret

282 1029 311 1065 “
330 1023 544 1119 provinciam
560 1045 632 1095 non
642 1021 721 1120 jure
734 1023 898 1112 ablatam,
918 1027 951 1096 ὅ(
970 1021 1154 1095 vacuam.''
1184 1018 1255 1118 lgi-

280 1160 335 1214 tur
362 1141 494 1239 “quid
519 1142 721 1240 agendum''
745 1140 963 1232 consultanti,
992 1143 1049 1214 M.
1081 1139 1160 1213 Piso
1188 1139 1256 1213 fili-

282 1287 323 1334 us
347 1262 644 1358 “properandum
668 1259 704 1332 in
726 1260 888 1332 Urbem''
912 1259 1095 1332 censebat:
1125 1259 1255 1332 “nihil

284 1387 313 1423 “
328 1381 442 1452 adhuc
459 1378 667 1475 inexpiabile
688 1377 888 1466 admissum,
912 1403 1027 1475 neque
1054 1377 1258 1474 suspiciones

283 1504 312 1540 ‘⁴
330 1497 533 1588 imbecillas,
573 1516 634 1570 aut
666 1497 780 1570 inania
823 1495 925 1569 famae
957 1493 1255 1592 pertimescenda:

288 1616 544 1689 “discordiam
584 1641 667 1713 erga
704 1614 957 1688 Germanicum
1001 1613 1084 1686 odio
1127 1612 1262 1686 fortasse

284 1742 313 1779 ‘⁴
330 1735 491 1831 dignam,
513 1759 585 1807 non
601 1734 730 1830 poenal:
767 1739 800 1804 δι
818 1732 1041 1829 ademptione
1057 1732 1260 1827 provinciae,

286 1852 540 1925 “satisfactum
567 1851 726 1925 inimicis.
791 1850 899 1948 Quid
943 1853 966 1922 fi
1008 1850 1258 1947 regrederetur,

286 1979 315 2014 “
333 1971 515 2044 obsistente
546 1971 677 2060 Sentio,
725 1969 828 2042 civile
860 1971 992 2042 bellum
1024 1967 1160 2064 incipi:
1195 1995 1261 2042 nec

286 2091 513 2162 “duraturos
544 2089 580 2161 in
613 2089 767 2186 partibus
796 2088 1015 2160 centuriones
1052 2085 1259 2186 militesque,

287 2217 314 2252 “
333 2210 427 2306 apud
444 2233 532 2306 quos
548 2233 665 2281 recens
690 2207 908 2303 imperatoris
939 2205 989 2278 sui
1012 2206 1193 2297 memoria,
1226 2213 1260 2282 δι

286 2335 315 2371 “
333 2328 468 2423 penitus
484 2326 612 2400 infixus
627 2327 663 2398 in
679 2324 824 2400 Caesares
841 2351 940 2398 amor
957 2328 1192 2422 praevaleret.''

334 2448 522 2520 LXXVII.
552 2446 720 2518 Cournn
743 2445 919 2518 Domitius
942 2446 1043 2517 Celer
1066 2471 1112 2518 ex
1139 2445 1264 2521 intimi

285 2563 358 2662 ejus
374 2563 524 2638 amiciti&
538 2564 704 2654 dilleruit,
729 2566 954 2637 “Utendum
976 2585 1117 2637 eventu.
1166 2566 1259 2641 Piso-

289 2690 316 2724 “
335 2707 431 2772 nem,
460 2709 532 2754 non
558 2683 727 2772 Sentium,
756 2683 860 2777 Syriae
899 2687 1142 2779 praepositum:
1178 2685 1260 2758 huic

289 2797 437 2871 “fasces
466 2797 580 2896 &jus
609 2799 778 2895 praetoris,
812 2801 893 2873 huic
919 2801 1073 2898 legiones
1089 2803 1208 2875 datas:
1237 2806 1260 2876 fi

288 2925 319 2962 “
338 2919 423 3014 quid
440 2917 559 2991 hostile
575 2918 729 3016 ingruat,
754 2919 863 3014 quim
882 2917 1004 3015 justius
1030 2909 1123 2992 arma
1145 2945 1257 3018 oppo-

289 3045 318 3108 “,
337 3041 492 3129 siturum,
530 3037 591 3133 qui
623 3036 728 3133 legati
755 3037 1009 3125 aucloritatem,
1051 3040 1084 3109 δι
1127 3041 1262 3136 propria

290 3157 500 3228 “mandata
523 3154 726 3252 acceperit?
763 3155 1051 3252 Relinquendum
1075 3156 1178 3231 etiam
1203 3185 1260 3233 ru·

289 3283 318 3320 “
329 3275 491 3346 'moribus
520 3293 671 3369 tempus,
714 3299 786 3370 quo
818 3273 1011 3348 senescant=
1053 3275 1260 3374 plerumque

289 3403 316 3438 “
334 3395 547 3482 innocentes,
590 3391 718 3464 recenti
749 3392 889 3465 invidiae
917 3393 1074 3490 impares.
1148 3399 1199 3468 At
1237 3401 1261 3470 sr

289 3520 317 3554 “
335 3531 449 3584 teneat
465 3496 671 3599 exercitum,
690 3532 813 3608 augeat
827 3511 928 3602 vires,
943 3514 1064 3602 multa,
1084 3537 1166 3609 quae·
1179 3540 1258 3610 pro·

290 3636 317 3672 “
335 3629 444 3701 videri
472 3655 544 3702 non
578 3631 715 3725 possint,
743 3629 944 3704 fortuitdin
976 3631 1098 3704 melius
1132 3633 1259 3708 casura

291 3752 318 3788 “
337 3751 397 3818 An
412 3745 606 3819 festinamus
630 3774 714 3821 curn
726 3749 926 3822 Germanici
947 3748 1117 3823 cineribus
1140 3753 1258 3849 adpel-

291 3869 320 3904 “
338 3864 420 3950 lere,
448 3883 487 3934 ut
510 3883 545 3936 tc
568 3864 762 3940 inauditum
795 3874 828 3941 uz
853 3866 1069 3956 indefensum
1102 3869 1258 3965 planetus

293 3986 322 4023 “
340 3978 558 4079 Agrippina,
584 4010 626 4057 ac
650 3986 778 4082 vulgus
810 3985 1028 4086 imperitum,
1054 3987 1168 4085 primo
1202 4013 1259 4063 ru·
