3259 5284
495 650 801 721 Annnnronr
832 648 946 721 Lrn.
982 640 1044 719 IV.
1192 666 1261 746 213

285 816 466 889 cunstatus
494 816 558 907 est,
592 824 726 890 “num
765 817 802 889 id
843 815 1003 912 precibus
1035 815 1259 915 Agrippinae,

287 942 315 979 “
332 956 391 1009 aut
408 936 512 1009 minis
527 937 760 1010 tribuiffent.''
811 938 858 1009 Et
877 936 928 1009 illi
947 935 1107 1033 quidem,
1134 916 1259 1033 quam·

287 1079 396 1153 quam
411 1058 616 1146 abnuerent,
641 1056 780 1129 modice
798 1054 977 1152 permisti,
1005 1054 1153 1151 (etenim
1183 1080 1261 1153 pars

287 1198 417 1271 magna
440 1198 461 1246 e
483 1175 691 1273 propinquis
708 1174 827 1271 ipsius,
852 1193 910 1247 aut
927 1173 1096 1271 primores
1116 1174 1263 1247 civitatis

287 1311 385 1365 erant
400 1294 431 1386 r)
467 1292 621 1367 cererlrm
660 1294 696 1365 in
724 1293 854 1382 senatu,
886 1292 1042 1367 oratione
1065 1294 1203 1368 monuit
1227 1295 1264 1369 in

289 1410 480 1507 posterum,
514 1412 701 1509 “nequis
729 1412 876 1485 mobiles
905 1411 1173 1485 adolescentium
1189 1412 1264 1485 ani*

290 1536 318 1572 “
336 1555 427 1620 mos,
451 1531 665 1627 praematuris
692 1530 882 1604 honoribus
909 1534 956 1603 ad
976 1530 1173 1627 superbiam
1200 1555 1263 1603 ex-

290 1654 319 1691 “
336 1650 511 1721 tolleret.'’
560 1650 712 1723 Instabat
737 1649 870 1746 quippe
893 1648 1047 1746 Sejanus,
1073 1628 1265 1723 incusabatss

291 1792 360 1865 que
390 1775 418 1810 “
434 1768 615 1839 diduttam
642 1767 834 1857 civitatem,
867 1786 906 1839 ut
936 1768 1030 1841 civili
1056 1769 1173 1842 bello:
1201 1770 1269 1841 esse

294 1885 403 1982 “qui
437 1883 470 1957 se
498 1884 651 1981 partimn
672 1884 882 1983 Agrippina
906 1904 1055 1959 vocent:
1091 1912 1131 1959 ac
1156 1885 1192 1957 ni
1214 1910 1267 1957 rea

291 2010 320 2049 “
339 2004 480 2095 sistatur,
502 2004 575 2078 sore
590 2006 730 2101 plures:
763 2028 878 2101 neque
894 2004 991 2077 aliud
1004 2002 1177 2103 gliscentis
1199 2002 1266 2077 dis-

194 2206 197 2215 ,
294 2130 322 2167 “
341 2122 467 2197 eordiae
485 2122 694 2212 remedium,
719 2122 829 2219 quam
852 2126 875 2195 fi
900 2148 991 2196 unus
1014 2124 1142 2197 alterve
1166 2146 1267 2197 max*

293 2248 321 2285 “
339 2243 410 2315 ime
435 2242 591 2339 prompti
615 2240 925 2315 subverterentur.”

356 2363 491 2435 XVIII.
529 2365 623 2459 an
659 2384 789 2434 causa
815 2362 859 2433 C.
887 2358 1024 2451 Silium,
1064 2360 1267 2436 &Titium
1297 2414 1298 2419 κ

292 2480 476 2571 Sabinum,
499 2480 722 2576 adgreditur:
748 2478 899 2552 amicitia
926 2478 1126 2553 Germanici
1150 2480 1267 2577 perni-

292 2582 384 2670 cioss
409 2598 572 2695 utrique3
607 2598 691 2672 Silio
721 2604 770 2688 ὅτ,
796 2596 892 2694 quod
916 2596 1067 2695 ingentis
1095 2598 1269 2671 exercitlls

293 2715 426 2813 septem
443 2740 505 2813 per
519 2742 630 2789 annos
646 2718 858 2804 moderator,
880 2714 1052 2811 partisque
1068 2716 1164 2811 apud
1180 2718 1268 2789 Ger-

293 2834 450 2907 maniam
475 2835 756 2932 triumphalibus,
780 2832 1008 2907 Sacroviriani
1038 2832 1120 2906 belli
1141 2833 1269 2925 vistor,

296 2953 429 3052 quanto
456 2952 583 3051 majore
602 2956 696 3027 mole
719 2952 926 3051 procideret,
962 2952 1040 3047 plus
1073 2948 1271 3023 formidinis

294 3073 332 3145 in
347 3073 432 3147 alios
449 3070 716 3172 dispergebatur.
741 3072 942 3146 Credebant
959 3068 1117 3166 plerique
1133 3071 1273 3144 auslam

293 3194 523 3267 offensionem
553 3193 656 3290 ipsrus
687 3189 963 3289 intemperantis,
988 3186 1180 3261 immodice
1197 3186 1274 3285 jac·

295 3312 412 3403 tantis,
458 3320 487 3355 “
504 3310 604 3385 suum
642 3310 789 3383 militem
817 3309 854 3382 in
883 3306 1050 3404 obsequio
1087 3289 1274 3398 duravisse,

296 3440 324 3475 “
341 3435 440 3529 cirm-
459 3430 517 3505 alii
553 3433 599 3504 ad
626 3429 808 3503 seditiones
838 3429 1119 3525 prolaberentur:
1160 3452 1275 3525 neque

298 3558 326 3594 “
344 3549 546 3624 mansurum
558 3548 706 3623 Tiberio
717 3546 919 3644 imperium,
944 3550 966 3619 fi
990 3545 1031 3618 iis
1057 3568 1199 3642 quoqne
1227 3547 1275 3619 le·

297 3674 326 3711 “
344 3670 508 3765 gionibus
544 3669 673 3766 cupido
707 3666 864 3740 novandi
907 3662 1064 3738 'suisset.”
1138 3662 1278 3737 Destrui

301 3810 362 3882 per
378 3788 453 3861 haec
469 3787 645 3862 fortunam
661 3785 758 3859 suam
774 3784 900 3876 Caesar,
928 3786 1169 3883 imparemque
1184 3804 1280 3857 tanto

300 3904 424 3979 merito
453 3908 604 3983 rebatur.
665 3906 762 3980 Nam
789 3904 959 3981 beneficia
994 3905 1037 3979 eo
1071 3904 1178 4002 usque
1204 3907 1281 3978 lata

763 4025 835 4122 1³3
1019 4034 1022 4039 “
