3259 5284
354 612 423 701 164
549 610 591 682 C.
624 608 901 683 Connnrrr
937 608 1144 684 Tncrrr

351 788 513 876 “neque
540 779 719 853 Caecinarn
746 780 897 877 dignum
920 798 1024 852 tantae
1047 778 1094 852 rei
1121 776 1336 851 censorem.'’

349 902 444 971 Mox
457 899 612 971 Valerius
626 899 846 989 MeffalinuS‚
871 898 927 973 cui
940 924 1060 996 parens
1073 900 1234 989 Meffala,
1260 897 1333 969 ine·

348 1040 471 1115 ratque
481 1019 602 1115 imago
614 1039 763 1115 paternae
775 1018 963 1108 facundiae‚
978 1017 1163 1116 respondit.
1192 1018 1333 1091 “Mul-

352 1144 381 1179 “
398 1158 433 1210 ta
459 1138 591 1210 duritiae
615 1157 774 1210 veterum
790 1137 827 1210 in
845 1138 968 1211 melius
995 1144 1028 1213 &
1055 1138 1166 1211 laetius
1189 1156 1332 1209 mutata.

350 1257 527 1353 “Neque
549 1258 657 1347 enim,
684 1280 724 1329 ut
748 1258 849 1348 olim,
880 1258 1028 1331 obfideri
1052 1260 1190 1331 Urbem
1215 1256 1331 1346 bellis,

350 1382 379 1421 ‘⁶
397 1395 458 1449 aut
471 1377 666 1473 provincias
678 1376 814 1448 hostiles
828 1378 912 1463 effe;
941 1381 974 1449 δι
993 1403 1105 1474 pauca
1121 1376 1331 1449 feminarum

350 1503 378 1539 “
397 1496 647 1569 necessitatibus
660 1496 820 1585 concedi,
835 1522 913 1593 quae
926 1522 970 1569 ne
983 1495 1174 1597 conjugum
1188 1496 1331 1595 quidem

349 1622 378 1658 “
397 1636 551 1712 penates,
578 1614 666 1687 ade&
695 1613 803 1687 socios
831 1641 903 1687 non
928 1637 1094 1689 onerent:
1123 1638 1234 1692 cetera
1251 1642 1330 1713 pro-

349 1743 377 1779 “
396 1734 526 1809 rniscun
542 1758 624 1809 curn
643 1734 781 1823 marito,
815 1760 881 1808 nec
902 1738 1016 1809 ullum
1034 1736 1071 1810 in
1088 1762 1130 1811 eo
1147 1736 1241 1835 pacis
1264 1736 1331 1809 im-

348 1861 377 1897 “
398 1857 651 1951 pedimentum.
699 1854 795 1926 Bella
824 1857 926 1950 plane
954 1855 1117 1929 accinffis
1140 1858 1327 1929 obeunda:

349 1981 377 2017 “
394 1973 451 2047 sed
469 1974 721 2048 revertentibus
738 1974 815 2069 post
831 1976 1001 2068 laborem,
1030 1977 1127 2074 quod
1140 1975 1330 2065 honestius,

348 2099 377 2136 “
396 2095 507 2191 quirin
532 2094 696 2167 uxorium
725 2094 991 2169 levamentum?
1023 2102 1074 2170 At
1101 2094 1266 2194 quasdam
1293 2095 1329 2167 in

348 2219 377 2255 “
397 2214 641 2303 ambitionem,
676 2238 735 2288 aut
765 2217 944 2290 avaritiam
966 2216 1151 2315 prolapsas.
1200 2214 1326 2313 Qid?

348 2330 544 2427 “ipsorum
571 2336 850 2434 magistratuum,
877 2360 994 2411 nonne
1023 2335 1203 2433 plerosque
1225 2334 1328 2408 variis

348 2458 376 2493 “
394 2450 598 2526 libidinibus
610 2457 784 2530 obnoxios
800 2462 813 2529 ?
842 2484 914 2529 non
928 2478 1045 2529 tamen
1057 2458 1136 2529 ideo
1150 2454 1329 2529 neminem

347 2570 429 2642 “in
447 2572 663 2666 provinciam
680 2578 783 2650 mitti.
833 2578 1026 2673 Corruptos
1042 2574 1131 2672 saepe
1150 2574 1328 2672 pravitati-

346 2695 375 2730 “
393 2692 458 2762 bus
475 2717 627 2766 uxorum
645 2696 809 2769 maritos:
842 2722 927 2769 num
944 2722 1029 2793 ergo
1045 2720 1165 2767 omnes
1187 2694 1328 2768 caelibes

346 2816 374 2852 “
391 2809 574 2908 integros?
623 2815 795 2889 Placuiffe
828 2818 1008 2913 qnondam
1048 2813 1180 2911 Oppias
1216 2816 1324 2913 leges,

346 2937 375 2972 “
394 2933 437 3002 fic
455 2933 673 3027 temporibus
691 2934 892 3031 reipublicae
912 2934 1181 3033 postulantibus:
1210 2931 1326 3006 remis-

328 3056 374 3133 ,“
394 3048 469 3121 sum
484 3050 615 3147 aliquid
632 3054 762 3149 postea,
793 3060 827 3127 δι
846 3055 1061 3152 mitigatum,
1088 3052 1325 3151 quiaexpedi·

346 3175 375 3209 “
393 3168 467 3240 erit.
517 3172 657 3244 Frustra
669 3174 817 3246 nostram
829 3174 1008 3272 ignaviam
1025 3174 1091 3247 alia
1107 3175 1152 3245 ad
1169 3176 1325 3246 vocabu-

344 3292 372 3328 “
389 3288 423 3357 la
445 3288 634 3360 transferri:
663 3318 745 3363 narn
772 3292 838 3364 viri
856 3294 892 3365 in
909 3320 951 3367 eo
968 3296 1124 3391 culpam,
1153 3298 1175 3366 s1
1198 3293 1327 3368 femina

343 3411 372 3447 “
390 3405 540 3477 modum
557 3410 726 3480 excedat:
762 3436 869 3505 porro
897 3415 944 3486 ob
973 3413 1074 3486 unius
1103 3432 1160 3485 aut
1189 3414 1326 3487 alterius
1420 3440 1426 3453 ·

344 3529 373 3566 “
391 3522 606 3598 imbecillum
629 3528 800 3618 animum,
828 3531 920 3603 mal&
937 3532 1022 3627 eripi
1039 3532 1169 3605 maritis
1186 3531 1325 3607 consor-¹

342 3648 371 3685 “
389 3642 435 3714 tia
464 3668 576 3715 rerum
606 3644 834 3721 secundarum
860 3649 1163 3750 adversarumque.
1214 3654 1325 3729 Simul

341 3770 369 3805 “
386 3762 508 3835 sexum
530 3770 652 3838 natur&
676 3766 870 3842 invalidum
889 3769 1018 3861 -deseri,
1047 3775 1080 3844 &
1106 3774 1236 3869 exponi
1261 3772 1322 3847 suo

342 3890 370 3925 “
388 3884 488 3974 luxu,
515 3885 738 3981 cupidinibus
750 3887 896 3962 alienis:
924 3891 986 3962 vix
1000 3890 1154 3987 praesenti
1167 3892 1324 3967 custodiar

341 4009 369 4046 ‘⁶
387 4028 527 4078 manere
538 4003 642 4082 illaesa
652 4005 839 4107 conjugia:
867 4010 955 4109 quid
971 4009 1058 4106 fore,
1085 4016 1107 4085 sr
1127 4014 1325 4110 perplures
