3259 5284
435 596 730 667 Auuannrn
762 588 872 659 Lrn.
903 585 949 657 V.
1152 584 1221 678 265
1308 690 1311 699 Ι

253 767 398 867 quidem
422 769 622 865 confingere
649 762 758 852 ausus,
786 758 1070 858 “adrogantiam
1094 756 1164 829 oris
1192 758 1225 828 δι

254 894 542 960 “contumacem
566 882 745 958 animum'’
771 879 952 968 incusavit,
978 902 1110 974 magno
1132 874 1225 948 sena-

255 1008 312 1080 tus
339 1029 468 1104 pavore
498 1029 538 1077 ac
566 1002 720 1077 silentio:
747 1002 859 1073 donec
882 997 996 1095 pauci,
1026 998 1105 1094 quis
1133 996 1229 1067 nulla

254 1150 299 1199 ex
318 1123 462 1196 honesto
478 1119 566 1218 spes,
592 1126 626 1193 δι
649 1120 787 1218 publica
809 1120 900 1191 mala
921 1116 1061 1214 singulis
1076 1116 1112 1189 in
1128 1140 1229 1188 occa-

255 1249 384 1319 fionem
403 1240 522 1341 gratiae
537 1242 734 1329 trahuntur,
761 1245 787 1282 “
800 1258 841 1312 ut
861 1236 1060 1310 referretur''
1077 1234 1229 1331 postula-

256 1358 631 1458 vere,prornptill1mo
663 1360 766 1432 Cotti
791 1356 978 1431 Melsalino
1010 1380 1091 1428 cum
1123 1352 1231 1426 atroci

256 1481 443 1555 sententia:
476 1476 534 1551 sed
556 1478 631 1552 aliis
654 1504 674 1551 a
699 1476 925 1574 primoribus,
960 1474 1185 1569 maximeque
1211 1498 1231 1545 a

252 1600 523 1699 magistratibus,
566 1596 822 1693 trepidabatur:
876 1594 1006 1692 quippe
1046 1591 1225 1680 Tiberius,

253 1724 312 1794 etsi
329 1719 459 1793 infense
481 1719 650 1805 invectus,
677 1735 788 1789 cetera
803 1713 970 1813 ambigua
984 1712 1182 1809 reliquerat.

305 1841 367 1911 IV.
397 1840 428 1910 F
431 1862 499 1909 urr
530 1836 566 1909 in
594 1834 709 1908 senatu
734 1832 860 1930 Junius
885 1832 1059 1919 Rusticus,
1089 1855 1235 1927 compo·

256 1956 379 2031 nendis
400 1975 540 2051 patrum
564 1952 646 2027 adtis
661 1952 813 2026 delestus
829 1978 850 2024 a
864 1950 1007 2041 Caesare,
1032 1951 1144 2047 e6que
1159 1976 1233 2022 me-

258 2074 443 2149 ditationes
467 2073 538 2172 ejus
554 2070 775 2169 introspicere
792 2071 961 2145 creditus:
992 2069 1020 2144 is
1036 2068 1129 2142 fatali
1146 2096 1235 2167 quo·
1335 2063 1338 2070 ’

258 2197 341 2268 dam
357 2212 457 2267 motu
484 2196 616 2289 (neque
640 2191 733 2265 enim
749 2191 828 2264 ante
845 2190 1019 2288 specimen
1035 2189 1234 2263 constantiae

198 2404 203 2415 Ι
259 2296 420 2407 dederat)
449 2310 506 2385 seu
536 2314 639 2409 pravd
667 2310 810 2399 solatii,
840 2311 942 2400 dum,
976 2308 1235 2382 imminentium

237 2432 404 2522 oblitus,
440 2430 570 2504 incerta
602 2448 718 2527 pavet,
753 2429 893 2502 inserere
916 2429 949 2501 se
981 2428 1234 2519 dubitantibus,

259 2576 300 2625 ac
318 2574 460 2624 monere
483 2548 638 2623 consules
664 2556 690 2591 “
708 2574 751 2622 ne
768 2547 968 2621 relationem
995 2547 1185 2645 inciperent
1201 2549 1239 2619 :''

258 2669 526 2765 differebatque,
559 2674 586 2713 “
604 2667 769 2742 brevibus
792 2666 981 2741 momentis
997 2666 1133 2741 summa
1150 2666 1237 2740 verti

261 2796 289 2837 “
308 2790 421 2885 poffe3
449 2788 659 2883 quandoque
681 2786 881 2859 Germanici
898 2786 1055 2883 stirpem,
1076 2790 1138 2860 ubi
1161 2785 1238 2883 spa-

260 2906 399 2983 “tium
425 2905 632 3002 paenitentiae
661 2904 762 2996 senis,
786 2906 994 3002 resurgero.”
1041 2904 1153 2978 Simul
1175 2930 1238 3001 po-

260 3026 361 3123 pulus
393 3023 523 3121 effigies
542 3022 750 3121 Agrippina
767 3050 807 3096 ac
829 3024 982 3097 Neronis
1008 3048 1143 3122 gerens,
1171 3024 1236 3097 cir-

263 3142 428 3217 cumsistit
457 3142 601 3233 curiam,
627 3140 785 3239 festisque
804 3142 841 3214 in
857 3141 1026 3216 Caesarem
1044 3142 1235 3234 ominibus,

263 3270 292 3306 “
310 3261 405 3336 falsas
422 3262 549 3349 literas,
578 3266 611 3334 lle
635 3260 799 3358 Principe
815 3261 926 3334 invito
950 3261 1099 3336 exitium
1115 3264 1240 3337 domui

263 3389 291 3427 “
317 3380 389 3479 ejus
405 3379 576 3468 intendi‚¹'
609 3378 788 3453 clamitet:
816 3380 865 3453 ita
881 3381 967 3453 nihil
984 3382 1078 3455 triste
1103 3383 1164 3456 illo
1180 3378 1240 3456 die

265 3520 448 3598 patratum.
499 3500 529 3571 F
530 3500 712 3572 erebantur
728 3499 834 3572 etiarn
856 3499 919 3573 sub
936 3500 1135 3579 nominibus
1156 3527 1240 3575 con-

262 3619 427 3693 sularium
444 3620 533 3691 listae
551 3617 586 3689 in
603 3615 764 3715 Sejanum
781 3617 970 3709 sententiae,
998 3621 1240 3695 exercentibus

263 3736 432 3834 plerisque
456 3760 517 3833 per
533 3738 726 3828 oecultum,
753 3758 858 3835 atque
880 3737 922 3811 ed
944 3738 1136 3835 procacius,
1161 3740 1240 3813 libi-

262 3854 382 3929 dinem
408 3855 652 3952 ingeniorum:
686 3858 780 3931 unde
816 3856 866 3929 illi
894 3857 943 3937 ira
972 3858 1172 3948 violentior,
1205 3865 1240 3933 δι

261 3973 420 4056 materies
438 3974 656 4068 criminandi,
679 3983 707 4021 “
724 3975 875 4076 spretum
891 3977 1052 4051 dolorem
1068 3977 1242 4079 Principis
