3259 5284
363 516 433 593 218
598 514 1112 592 C.ConuaL11TAcrrr

360 688 530 779 militum,
555 708 687 763 terrore
708 690 860 764 nominis
887 689 1056 780 Romani,
1085 694 1119 763 δι
1146 691 1230 787 quia
1256 694 1338 767 Nu·

357 808 462 883 nridae
480 809 640 906 peditum
662 811 773 885 aciem
796 808 887 884 ferre
918 830 1109 908 nequeunt,
1136 810 1252 907 primo
1285 811 1339 885 sui

358 924 489 1001 inceffu
521 926 624 1003 solvit
652 930 842 1020 obsidium,
879 926 1111 1027 locorumque
1142 950 1340 1027 opportuna

359 1047 603 1145 permunivit:
631 1049 732 1123 fimul
760 1048 935 1147 principes
965 1048 1249 1139 Musulanorum,
1275 1050 1338 1121 de·

359 1163 548 1239 fertionem
564 1186 770 1265 coaptantes,
787 1167 895 1245 securi
909 1169 1067 1266 percutit.
1118 1168 1226 1259 Dein,
1253 1168 1339 1267 quia

357 1285 518 1385 pluribus
544 1288 731 1361 adversum
761 1288 1021 1362 Tacfarinatem
1054 1286 1340 1384 expeditionibus

361 1406 561 1505 cognitum,
587 1432 660 1481 non
689 1408 803 1507 gravi,
839 1433 905 1481 nec
933 1434 1005 1483 uno
1029 1406 1164 1483 incursu
1196 1406 1336 1481 consec-

358 1527 508 1604 tandum
532 1526 669 1601 hostem
688 1552 848 1625 vagum;
874 1529 989 1602 excito
1013 1554 1099 1602 cum
1115 1525 1338 1625 popularibus

360 1670 443 1743 rege
459 1646 666 1737 Ptolemaeo,
694 1666 844 1745 quatuor
875 1648 1018 1747 agmina
1041 1666 1152 1744 parat,
1184 1669 1263 1743 quae
1286 1644 1336 1717 le-

359 1764 447 1862 gatis
474 1783 534 1838 aut
565 1764 712 1840 tribunis
734 1768 838 1839 data:
877 1774 911 1841 dc
947 1765 1169 1865 praedatorias
1198 1788 1336 1854 manus,

357 1883 484 1957 delecti
505 1888 718 1961 Maurorum
741 1887 900 1959 duxere:
927 1884 999 1985 ipse
1023 1884 1199 1959 consultor
1219 1884 1337 1957 aderat

360 2002 537 2077 omnibus.

405 2124 524 2197 XXV.
548 2124 637 2197 Nnc
662 2124 777 2197 multo
805 2124 887 2222 post
919 2122 1087 2213 adfertur,
1115 2120 1339 2197 “Numidas

360 2244 502 2339 “apud
531 2242 709 2315 castellum
738 2243 958 2335 semirutum,
984 2246 1030 2318 ab
1052 2243 1132 2340 ipfis
1153 2242 1336 2341 quondam

356 2368 385 2407 “
401 2359 594 2451 incensum,
632 2362 689 2435 cui
712 2388 844 2435 nomen
879 2368 1017 2454 Auzea,
1056 2361 1173 2460 posuis
1210 2386 1330 2459 mapu-

359 2480 495 2553 “libus
517 2479 728 2566 consediffe3
756 2478 833 2554 fisos
857 2484 950 2572 loco,
977 2482 1060 2580 quia
1081 2480 1182 2555 vastis
1198 2479 1333 2553 circum

355 2607 384 2643 “
402 2598 540 2674 saltibus
556 2599 821 2674 claudebatur.”
869 2603 968 2675 Tum
986 2600 1159 2697 expeditae
1171 2600 1331 2673 cohortes

356 2720 504 2818 alaeque,
531 2746 638 2817 quam
660 2719 697 2793 in
725 2740 861 2817 partem
889 2720 1098 2794 ducerentur
1113 2721 1258 2817 ignara,
1284 2717 1335 2791 ci-

356 2859 395 2913 to
410 2839 553 2938 agmine
574 2838 767 2936 rapiuntur.
817 2840 1001 2937 Simulque
1022 2858 1159 2937 coeptus
1183 2836 1270 2927 dies,
1298 2839 1333 2910 dc

357 2978 531 3034 concentu
542 2962 718 3050 tubarum,
745 2985 786 3033 ac
802 2959 894 3032 truci
912 2959 1065 3032 clamore
1076 2958 1218 3031 aderant
1235 2955 1334 3031 semi-

355 3074 494 3151 somnos
515 3078 553 3151 in
579 3080 766 3171 barbaros:
806 3076 1005 3175 praepeditis
1033 3077 1271 3151 Numidarum
1298 3100 1334 3149 e·

357 3196 450 3295 quis,
476 3216 536 3270 aut
552 3195 703 3269 diversos
727 3196 844 3293 pastus
863 3196 1126 3294 pererrantibus.
1178 3198 1239 3270 Ab
1257 3198 1332 3271 Ro-

357 3316 469 3390 manis
492 3314 666 3390 confertus
694 3316 816 3411 pedes,
842 3313 1012 3413 disposrtae
1040 3335 1180 3406 turmae,
1206 3316 1334 3389 cunda

358 3434 487 3533 proelio
503 3432 662 3532 provisa:
690 3434 847 3508 hostibus
864 3438 986 3509 contra
1014 3434 1174 3509 omnium
1198 3434 1332 3525 nesciis,

357 3580 429 3629 non
448 3580 560 3644 arma,
579 3579 650 3628 non
676 3555 778 3645 ordo,
805 3579 876 3627 non
911 3555 1107 3646 confilium,
1144 3552 1202 3629 sed
1231 3580 1334 3652 peco-

357 3700 436 3749 rum
464 3676 588 3763 modo‚
615 3672 718 3763 trahi,
748 3672 878 3764 occidi,
904 3674 995 3772 capi.
1046 3672 1200 3748 Infensus
1234 3673 1335 3747 miles

357 3793 526 3869 memorid
557 3796 733 3884 laborum,
759 3798 795 3867 δι
822 3793 1008 3867 adversum
1035 3795 1212 3867 eludentes
1234 3814 1334 3891 opta·

356 3937 401 3990 tae
439 3912 565 3989 totiens
602 3938 748 4013 pugna,
789 3911 993 4011 [equisque
1024 3915 1158 3989 ultione
1191 3916 1224 3986 ὅτ
1260 3913 1335 3986 san·
