3259 5284
466 619 921 702 AuuniruuLin,
947 618 1011 688 IV.
1161 640 1229 711 ²23

233 797 412 883 censuit3
438 797 532 869 tanta
561 793 784 869 contentione
810 790 933 881 animi,
959 792 1057 864 ut&
1085 786 1236 886 jurando

255 918 503 1015 obstringeret,
566 922 593 958 “
622 913 850 1011 erepublica
889 911 927 983 id
962 910 1065 983 effe.’'
1128 907 1238 1006 Qiod

261 1035 378 1133 aspere
409 1054 595 1133 acceptum
637 1035 683 1107 ad
720 1033 882 1131 praesens,
910 1055 995 1105 mox
1033 1027 1070 1102 iri
1098 1028 1239 1101 laudem

255 1154 374 1247 vertit,
400 1155 550 1254 regresso
571 1152 704 1227 Suilio:
732 1177 840 1249 quem
869 1148 960 1223 vidit
982 1144 1128 1247 sequens
1156 1168 1238 1221 aetas

261 1293 527 1375 praepotentem,
554 1274 730 1361 venalem,
755 1276 788 1345 δι
811 1265 950 1343 Claudii
966 1267 1135 1365 Principis
1151 1266 1239 1341 aiiii·

258 1395 342 1471 citia
370 1395 434 1469 diu
463 1392 638 1492 prospere,
669 1414 868 1488 numquam
896 1392 985 1463 bene
1007 1385 1119 1463 usum.
1170 1388 1239 1463 Ea·

257 1517 342 1589 dein
362 1540 471 1613 poena
496 1514 535 1589 in
562 1515 690 1586 Catum
707 1510 880 1584 Firmium
905 1506 1096 1583 senatorem
1120 1506 1238 1580 statui·

259 1654 330 1725 tur,
356 1654 540 1731 tamquam
576 1631 665 1705 falsis
696 1628 878 1727 majestatis
911 1628 1112 1703 criminibus
1144 1625 1239 1701 soro·

261 1780 337 1827 rem
354 1752 535 1850 petivisset.
585 1752 707 1840 Catus,
732 1768 773 1823 ut
786 1749 900 1839 retuli,
926 1747 1103 1821 Libonem
1127 1747 1240 1821 inlex-

259 1890 332 1944 erat
348 1869 493 1958 insidiis,
518 1869 646 1944 deinde
668 1868 797 1942 indicio
814 1867 1033 1965 perculerat:
1061 1864 1133 1965 ejus
1154 1893 1239 1964 ope·

260 2016 307 2063 rae
325 2012 463 2063 memor
477 1988 655 2077 Tiberius,
675 1987 733 2061 sed
748 1987 814 2060 alia
832 1986 1064 2084 praetendens,
1082 1988 1240 2061 exsilium

258 2109 464 2205 deprecatus
493 2108 564 2181 cst:
592 2106 779 2209 quominus
799 2106 917 2179 senatu
944 2107 1143 2207 pelleretur,
1169 2133 1240 2183 non

261 2226 407 2301 obstitit.

307 2346 464 2419 XXXII.
489 2349 709 2441 Pataroue
723 2372 845 2423 eorum
860 2372 939 2446 quae
951 2345 1068 2435 retuli,
1089 2372 1240 2445 quaque

260 2466 422 2557 reseram,
449 2492 558 2563 parva
573 2464 725 2558 forsitan,
745 2471 777 2541 &
795 2466 886 2541 levia
902 2484 1097 2541 memoratu
1113 2466 1240 2558 videri,

265 2611 340 2660 non
363 2586 495 2659 nescius
511 2585 604 2660 sum:
632 2584 691 2659 sed
707 2612 813 2661 nemo
838 2586 993 2660 Annales
1009 2585 1141 2660 nostros
1158 2610 1242 2659 cum

260 2704 428 2802 scriptura
449 2730 573 2777 eorum
596 2705 829 2795 contenderit,
868 2706 930 2803 qui
954 2724 1083 2779 veteres
1118 2707 1241 2806 populi
1306 2736 1310 2741 ·

262 2823 420 2899 Romani
443 2848 497 2897 res
517 2822 756 2920 composuere.
805 2823 964 2923 Ingentia
979 2824 1030 2898 illi
1047 2826 1152 2917 bella,
1178 2850 1241 2900 eir·

263 2941 493 3041 pugnationes
514 2943 669 3033 urbium,
695 2942 785 3017 susos
813 2942 1000 3042 captosque
1023 2970 1143 3042 reges3
1170 2967 1242 3037 aut,

262 3066 287 3136 si
319 3062 462 3161 quando
503 3062 548 3135 ad
586 3061 724 3136 interna
760 3082 1020 3161 praeverterent,
1058 3062 1243 3141 discordias

261 3180 446 3257 consulum
467 3182 654 3255 adversum
682 3182 853 3274 tribunos,
879 3182 1027 3281 agrarias
1051 3181 1243 3259 frumenta·

263 3299 397 3400 riasque
417 3303 525 3399 leges,
553 3300 665 3398 plebis
682 3307 715 3376 δε
734 3301 958 3399 optimatium
974 3303 1174 3395 certamina,
1200 3305 1243 3379 lii

263 3425 348 3495 bero
364 3423 501 3519 egressu
522 3422 774 3495 memorabant.
825 3421 940 3497 Nobis
957 3422 993 3495 in
1009 3424 1119 3516 arelo,
1138 3430 1172 3499 &r
1189 3426 1244 3500 im

264 3540 396 3639 glorius
420 3542 527 3614 labor.
577 3543 729 3615 Immota
753 3539 899 3640 quippe,
937 3561 997 3615 aut
1022 3544 1160 3618 modice
1193 3549 1243 3621 la·

262 3657 377 3735 cellita
396 3686 480 3756 pax,
506 3662 631 3735 maestae
656 3660 766 3735 Urbis
788 3686 855 3752 res,
882 3666 917 3735 ὅτ
943 3659 1109 3761 Princeps
1130 3663 1244 3763 profe,

264 3778 363 3851 rendi
386 3778 523 3876 imperii
551 3779 739 3855 incuriosus
768 3799 853 3855 erat.
912 3782 998 3855 Non
1024 3801 1140 3857 tamen
1174 3790 1244 3859 sino

264 3895 328 3969 usu
360 3896 476 3989 fuerit,
503 3900 723 3998 introspicere
756 3900 816 3974 illa
839 3900 952 3997 primo
972 3901 1111 3999 aspectu
1139 3906 1242 3998 levia,

266 4040 312 4093 ex
339 4017 419 4115 quls
437 4044 644 4118 magnarum
663 4018 751 4119 sape
775 4046 890 4103 rerum
911 4043 1026 4099 motus
1050 4024 1219 4111 oriuntur,
