3259 5284
517 552 813 632 Auuaatunr
855 547 966 629 Lra.
1007 505 1069 627 Vl.
1209 571 1278 652 27⁴7

316 732 319 739 “
348 718 412 801 111.
454 731 514 801 Ar
553 732 714 824 Jourunr
751 727 967 817 Gallionem,
1003 726 1063 825 qui
1087 721 1276 810 censuerat,

301 853 386 919 “ut
413 848 623 943 ptaetoriani,
648 848 731 921 asiis
755 847 945 943 stipendiis,
965 844 1022 942 jus
1044 841 1277 941 apiscerentur

300 970 327 1007 “
347 964 384 1038 in
401 969 665 1062 quatuordecim
692 966 871 1039 ordinibus
899 964 1080 1053 sedendi,''
1110 962 1280 1035 violenter

300 1082 468 1181 increpuit
480 1116 491 1173 ς
516 1088 611 1159 velut
633 1112 750 1159 coram
768 1085 935 1183 rogitans,
967 1091 994 1127 “
1014 1083 1101 1179 quid
1119 1081 1170 1153 illi
1196 1106 1280 1153 cum

302 1209 330 1245 “
349 1204 528 1294 militibus,
558 1232 645 1301 quos
669 1230 782 1302 neque
800 1205 894 1276 dieta
911 1202 1148 1298 Imperatoris,
1168 1225 1281 1297 neque

302 1328 329 1363 “
346 1323 487 1418 praemia
511 1322 570 1397 nifi
598 1328 643 1397 ab
671 1327 884 1420 Imperatore
904 1322 1063 1418 accipere
1084 1345 1143 1416 par
1166 1321 1276 1391 effet?

301 1442 504 1538 “reperisse
541 1443 686 1540 prorsus,
738 1443 836 1539 quod
870 1441 972 1513 divus
1006 1438 1188 1535 Augustus
1208 1462 1280 1508 non

298 1566 326 1602 “
345 1561 561 1657 providerit?
582 1589 625 1633 an
643 1561 755 1657 potius
771 1559 976 1632 discordiam
996 1556 1243 1660 &seditionem
1259 1581 1280 1627 a

281 1683 328 1780 ἶ(
347 1675 486 1751 satellite
519 1678 631 1775 Sejani
660 1682 849 1775 quaesrtam,
892 1683 961 1774 qud
999 1678 1099 1749 rudes
1131 1676 1278 1765 animos,

300 1802 329 1839 “
346 1798 490 1870 nornine
507 1797 661 1886 honoris,
680 1798 723 1869 ad
743 1799 1041 1893 corrumpendum
1052 1794 1185 1868 militiae
1201 1820 1279 1866 mo·

300 1921 329 1957 “
348 1940 423 1987 rem
447 1917 707 2012 propelleret?''
758 1918 843 1988 Hoc
876 1915 1028 2011 pretium
1063 1913 1180 1986 Gallio
1205 1937 1279 1985 me·

298 2034 417 2109 ditatae
433 2034 639 2108 adulationis
657 2034 746 2124 tulit,
777 2034 891 2108 statim
913 2034 1018 2122 curib,
1037 2033 1163 2105 deinde
1184 2032 1280 2105 ltalia

299 2155 463 2227 exadus:
493 2158 525 2226 δι
544 2152 624 2251 quia
642 2152 862 2226 incusabatur
879 2152 978 2225 facille
997 2154 1199 2223 toleraturus
1217 2176 1277 2224 ex·

300 2272 426 2362 filium,
465 2275 598 2346 deledd
623 2276 753 2362 Lelb0,
790 2270 900 2344 insuld
924 2270 1092 2344 nobili&
1122 2273 1276 2359 amoend,

298 2392 480 2466 retrahitur
501 2391 539 2465 in
562 2394 713 2482 Urbem,
739 2390 1001 2487 custoditurque
1023 2390 1188 2463 domibus
1203 2414 1277 2463 ma-

300 2509 516 2607 gistratuum.
567 2509 692 2584 lisdem
714 2510 820 2582 literis
847 2507 958 2583 Casar
983 2508 1141 2583 Sextium
1166 2511 1277 2582 Paco-

298 2629 443 2701 nianum
468 2628 668 2725 praetoriurn
687 2628 848 2725 perculit,
883 2652 1013 2725 magno
1035 2646 1173 2725 patrum
1192 2653 1278 2726 gau-

296 2745 372 2838 dio,
394 2747 576 2837 audacem,
594 2750 807 2837 maleficum,
827 2748 989 2821 omnium
1012 2745 1134 2819 secreta
1149 2746 1277 2819 riman·
1340 2839 1344 2847 .

298 2884 385 2953 tem,
417 2867 663 2963 delectumque
691 2892 711 2939 a
734 2865 869 2963 Sejan0,
899 2865 994 2963 cujus
1016 2892 1084 2962 ope
1108 2867 1209 2939 dolus
1231 2866 1275 2939 C.

298 2984 421 3059 Caesari
459 3005 658 3082 pararetur:
703 2986 800 3081 quod
830 2985 1013 3083 postquam
1049 2983 1274 3081 patefadtum,

297 3106 484 3201 prorupdre
501 3124 669 3201 concepta
686 3104 822 3201 pridem
838 3104 932 3194 odia,
952 3107 985 3176 &
1003 3104 1180 3176 summum
1196 3102 1275 3200 sup-

299 3222 443 3321 plicium
458 3222 722 3311 decernebatur,
750 3222 785 3294 ni
802 3219 968 3319 professus
984 3222 1153 3295 indicium
1175 3221 1274 3296 soret.

347 3344 408 3415 IV.
431 3342 494 3415 Ur
512 3341 613 3415 vend
636 3341 817 3415 Latinium
834 3342 1011 3415 Latiarem
1029 3342 1195 3439 ingressus
1212 3343 1273 3431 est,

298 3460 474 3537 accusator
489 3488 529 3534 ac
546 3486 622 3536 reus
644 3460 745 3558 juxta
762 3461 875 3551 invisa,
899 3461 1125 3559 gratissimum
1146 3460 1274 3559 speda-

296 3583 416 3655 culunt
434 3582 663 3681 praebebatur.
712 3580 874 3669 Latiaris,
895 3601 932 3652 ut
947 3580 1060 3670 retuli,
1081 3581 1274 3677 praecipuus

299 3698 386 3770 olim
408 3698 702 3773 circumveniendi
722 3699 809 3771 Titii
829 3700 959 3789 Sabini,
978 3705 1011 3772 δι
1028 3722 1112 3773 tunc
1136 3702 1273 3773 luendae

298 3842 413 3913 poenae
435 3816 566 3913 primus
591 3816 665 3890 fuit.
715 3819 809 3892 lnter
833 3846 912 3915 quae
929 3820 1094 3893 Haterius
1112 3819 1274 3916 Agrippa

297 3932 453 4017 consules
479 3935 559 4008 anni
587 3936 704 4034 prioris
728 3936 863 4031 invasit,
891 3946 918 3981 “
936 3965 999 4013 cur
1022 3943 1145 4013 mutual
1169 3964 1271 4013 accu-

730 4056 810 4153 Ta
