3259 5284
508 623 817 692 naamon
850 620 963 693 Lra.
996 618 1042 691 ll.
1193 641 1255 692 101

291 793 428 892 gotium
440 794 594 868 Sallustio
606 794 744 892 Crispo:
764 796 826 868 ille
838 821 857 868 e
869 795 1049 868 clientibus
1061 794 1149 866 duos
1163 787 1272 889 (qui-i

291 917 375 988 darn
392 913 518 987 milites
533 912 631 986 suilse
644 916 802 1008 tradunt)
821 914 958 1013 deligit,
975 935 1079 1011 atque
1095 913 1262 1001 hortatur,

294 1035 450 1106 simulata
465 1031 671 1106 conscientia
686 1035 826 1124 adeant,
845 1035 989 1106 offerant
1006 1031 1203 1129 pecuniam,
1222 1033 1263 1102 fi-

294 1153 377 1224 dem
392 1171 498 1249 atque
515 1153 667 1250 pericula
682 1153 918 1249 polliceantur.
964 1151 1211 1248 Exsequuntur
1227 1168 1266 1222 ut

288 1269 421 1366 jussum
443 1290 533 1345 erat:
561 1271 642 1344 dein
662 1271 827 1368 speculati
848 1274 988 1344 noslem
1006 1271 1264 1357 incustoditam,

296 1393 438 1486 accepts
454 1390 578 1463 idonea
595 1416 714 1481 manu,
740 1390 898 1463 vinslum
911 1389 1025 1463 clauso
1042 1413 1100 1462 ore
1115 1389 1151 1460 in
1168 1390 1264 1484 pala-

295 1508 384 1591 tium
401 1513 548 1582 traxere.
596 1508 838 1582 Percundanti
853 1508 1008 1597 Tiberio,
1034 1514 1061 1548 “
1075 1506 1266 1604 Qomodo

298 1634 326 1669 “
346 1629 507 1725 Agrippa
516 1627 625 1700 fastus
635 1630 765 1701 ell'et?’'
781 1626 987 1723 respondisse
997 1623 1118 1714 fertur,
1133 1632 1158 1668 ‘⁴
1205 1649 1266 1696 uo-

300 1752 328 1789 “
346 1749 454 1819 modo
469 1766 509 1818 tu
525 1746 671 1820 Caesar.''
719 1749 773 1818 Ut
789 1747 903 1818 ederet
919 1745 1039 1833 socios,
1066 1742 1180 1840 subigi
1197 1769 1267 1814 non

301 1864 438 1960 potuit:
462 1892 527 1939 nec
536 1865 700 1940 Tiberius
714 1891 855 1961 poenam
867 1863 938 1962 ejus
955 1867 1070 1962 palam
1087 1859 1205 1947 ausus;
1232 1862 1267 1933 in

298 1982 422 2057 secreta
438 1987 555 2081 palatii
572 2005 666 2082 parte
683 1983 830 2058 interfici
841 1975 948 2080 jullii,
969 1980 1161 2078 corpusque
1175 1984 1269 2065 clam

299 2103 440 2176 auferri:
473 2109 505 2176 &
534 2129 750 2202 quamquam
776 2104 875 2176 multi
903 2129 922 2176 e
949 2103 1057 2175 domo
1083 2099 1269 2196 Principis,

301 2221 502 2320 equitesque
517 2251 557 2298 ac
572 2223 756 2314 senatores,
781 2221 974 2300 sustentasse
991 2221 1129 2322 opibus,
1145 2219 1272 2318 juville

301 2342 446 2416 confiliis
462 2342 674 2433 dicerentur,
691 2344 786 2419 haud
803 2347 996 2441 quaefitum.

349 2463 450 2535 XLI.
475 2464 577 2536 Fine
595 2463 690 2552 anni,
720 2489 817 2537 arcus
835 2484 975 2560 propter
992 2465 1104 2536 aedem
1121 2461 1270 2551 Saturni,

303 2583 350 2655 ob
378 2602 513 2677 recepta
537 2585 631 2678 figna
658 2607 741 2654 cum
769 2584 862 2654 Varo
891 2582 1022 2670 amissa,
1049 2583 1159 2656 ductu
1186 2585 1272 2654 Ger-

303 2700 443 2790 manici,
461 2699 620 2797 auspiciis
636 2699 770 2772 Tiberii
786 2730 797 2786 3
825 2705 858 2772 ὃς
875 2700 965 2772 aedes
983 2701 1094 2774 Fortis
1111 2703 1275 2778 Fortuna

303 2820 462 2893 Tiberim
477 2819 582 2920 juxta
602 2819 639 2891 in
660 2817 780 2910 hortis,
805 2844 893 2915 quos
914 2817 1025 2892 Caesar
1044 2818 1191 2892 dictator
1211 2843 1274 2913 po-

305 2940 389 3036 pulo
414 2942 579 3011 Romano
604 2941 801 3035 legaverat3
833 2938 1013 3012 sacrarium
1040 2937 1134 3034 genti
1157 2937 1274 3031 Juliae,

305 3057 504 3155 effigiesque
524 3058 609 3131 divo
627 3058 786 3156 Augusto
808 3058 903 3154 apud
919 3056 1082 3144 Bovillas,
1105 3055 1276 3132 dicantur.

306 3180 347 3251 C.
365 3178 522 3268 Caecili0,
543 3181 590 3251 L.
607 3177 804 3275 Pomponio
821 3176 1030 3266 consulibus,
1050 3176 1281 3250 Germanicus
1300 3158 1302 3164 ¹

306 3297 419 3370 Caesar
437 3323 476 3369 n.
495 3323 532 3370 n.
550 3323 625 3371 v11.
658 3299 832 3370 Kalendas
850 3297 970 3392 Junias
986 3295 1217 3394 triumphavit
1234 3297 1279 3370 cle

307 3416 484 3490 Cheruscis
509 3415 685 3514 Cattisque
708 3421 741 3489 δι
767 3416 1001 3514 Angrivariis,
1032 3442 1181 3514 quaeque
1204 3417 1280 3490 aliae

308 3535 462 3610 nationes
489 3534 667 3634 usquead
694 3536 818 3610 Albim
848 3539 992 3610 colunt:
1033 3539 1132 3608 vetra
1157 3535 1279 3633 spolia,

308 3655 452 3751 captivi,
487 3657 668 3729 fimulacra
698 3656 888 3746 montium,
926 3655 1137 3744 fluminum,
1163 3657 1280 3753 proeli.-

308 3800 432 3848 orum:
459 3778 677 3873 bellumque,
697 3776 779 3873 quia
795 3777 965 3848 conficere
983 3774 1181 3870 prohibitus
1196 3796 1281 3864 erat,

310 3920 372 3989 pro
399 3893 558 3968 confesso
592 3895 852 3992 accipiebatur:
888 3898 1039 3995 augebat
1074 3896 1283 3968 intuentium

308 4011 397 4095 visus
418 4013 548 4094 eximia
570 4015 673 4111 ipfius
693 4013 836 4111 species,
863 4016 1049 4112 currusque
1070 4015 1225 4114 quinque
1242 4014 1281 4092 li-
