3259 5284
423 601 470 690 64
580 599 932 674 ecorum
965 603 1172 680 Tscrrt

424 833 430 843 .
480 774 648 848 LXXVI.
687 779 832 849 Eoosst
871 803 963 849 anno
1012 778 1183 852 continuis
1222 777 1390 856 imbribus
1488 853 1497 866 ,

419 895 539 966 aradus
551 894 702 984 Tiberis,
733 898 835 992 plana
855 895 951 968 urbis
967 896 1206 994 stagnaverat:
1232 901 1387 974 relaben-

418 1031 491 1084 tem
507 1012 621 1086 secuta
649 1015 698 1086 est
720 1013 1002 1088 aedificiorum&
1033 1015 1217 1088 hominurn
1244 1018 1386 1116 strages.

417 1131 527 1230 Igitur
548 1131 676 1206 censuit
697 1133 834 1206 Asinius
863 1134 997 1223 Gallus,
1027 1141 1106 1207 “ut
1130 1135 1208 1208 libri
1229 1137 1388 1234 Sibyllini

418 1258 447 1294 “
463 1252 635 1324 adirentur
651 1253 688 1322 :''
711 1250 823 1324 renuit
835 1252 1012 1342 Tiberius,
1028 1251 1171 1348 perinde
1184 1253 1303 1326 divina
1319 1259 1384 1329 hu-

415 1395 586 1468 manaque
602 1373 792 1468 obtegens:
814 1367 872 1442 sed
896 1372 1090 1444 remedium
1114 1374 1294 1446 co'e'rcendi
1318 1379 1383 1450 flu-

416 1488 518 1561 minis
535 1489 638 1562 Ateio
653 1488 829 1584 Capitoni,
859 1493 890 1560 a
917 1492 962 1561 L.
982 1491 1150 1562 Arruntio
1169 1492 1383 1566 mandatum.

414 1608 586 1682 Achaiam
606 1634 646 1680 ac
670 1607 917 1680 Macedoniarn
947 1633 1051 1680 onera
1077 1609 1312 1706 deprecantes,
1334 1613 1382 1684 le-

411 1726 486 1798 vari
517 1726 553 1798 in
586 1723 730 1822 praesens
763 1724 992 1821 proconsulari
1028 1727 1188 1823 irnperio,
1223 1729 1381 1826 tradique

411 1843 534 1917 Caesari
549 1843 691 1940 placuit.
741 1843 895 1917 Edendis
912 1844 1170 1941 gladiatoribus,
1194 1871 1281 1943 quos
1294 1849 1381 1920 Ger-

410 1963 535 2036 manici
564 1961 674 2036 sratris
701 1987 742 2033 ac
772 1959 833 2034 suo
855 1962 997 2036 nornine
1024 1965 1208 2054 obtulerat,
1246 1964 1379 2040 Drusus

410 2081 581 2180 praesedit,
620 2107 834 2178 quamquam
872 2081 932 2152 vili
968 2081 1131 2179 sanguine
1167 2083 1271 2158 nimis
1294 2111 1377 2183 gau·
1408 2069 1410 2072 ⁵

408 2203 517 2274 dens:
553 2201 650 2298 quod
673 2200 798 2297 vulgus
821 2197 1095 2290 formidolosum,
1135 2204 1168 2272 ἂ
1196 2222 1294 2298 pater
1322 2230 1376 2276 ar·

409 2319 518 2418 guisse
538 2318 739 2390 dicebatur:
770 2343 832 2389 cur
855 2317 1050 2390 abstinuerit
1074 2317 1267 2414 spedtaculo
1290 2321 1375 2418 ipse,

407 2437 501 2511 varie
517 2438 722 2521 trahebant;
751 2435 807 2507 alii
824 2434 927 2506 taedio
944 2436 1068 2526 coetbs,
1088 2435 1228 2532 quidam
1244 2439 1377 2516 tristitid

405 2555 550 2654 ingenii,
577 2553 615 2626 de
642 2575 736 2627 metu
763 2551 1042 2648 comparationis,
1079 2554 1159 2651 quia
1195 2557 1375 2654 Augustus

405 2675 551 2749 comiter
576 2672 784 2746 interfuisset.
845 2671 930 2744 Non
958 2671 1163 2744 crediderim
1192 2675 1237 2744 ad
1261 2676 1374 2748 osten-

404 2796 548 2870 tandam
573 2791 750 2880 saevitiam,
776 2788 1036 2885 movendasque
1064 2791 1183 2888 populi
1214 2793 1372 2868 offenfio-

404 2941 479 3004 nes,
515 2913 707 2986 concessam
749 2909 824 2981 filio
856 2907 1056 2980 materiem:
1094 2935 1309 3008 quamquam
1335 2915 1372 2990 id
1461 2907 1465 2920 ’

405 3057 546 3132 quoque
560 3031 694 3103 distum
711 3021 771 3102 est.

438 3149 626 3224 LXXVII.
643 3152 704 3220 Ar
723 3171 899 3220 ananam
918 3146 1056 3219 lieentia
1070 3147 1232 3244 proximo
1244 3149 1361 3246 priore

402 3297 495 3344 anno
508 3289 636 3364 coepta,
661 3266 798 3364 gravibs
814 3287 891 3338 tum
904 3264 1026 3361 erupit,
1041 3266 1157 3339 occifis
1175 3292 1245 3339 non
1263 3267 1371 3340 modb

402 3416 422 3462 e
438 3391 554 3486 plebe,
572 3386 630 3459 sed
648 3385 814 3457 militibus
833 3388 865 3456 bc
883 3383 1094 3474 centurione,
1114 3387 1294 3460 vulnerato
1309 3385 1369 3457 tri-

401 3511 498 3584 buno
525 3503 694 3602 praetoriae
721 3501 886 3592 cohortis,
915 3504 1001 3574 dum
1027 3505 1154 3598 probra
1184 3503 1220 3575 in
1258 3505 1370 3601 magi-

399 3629 521 3701 stratus
554 3628 586 3695 δι
615 3621 854 3695 dissenfionern
870 3621 968 3718 vulgi
987 3619 1184 3718 prohibent.
1234 3625 1369 3700 Assum

400 3749 446 3819 de
470 3747 511 3817 eal
531 3741 697 3815 seditione
722 3741 815 3838 apud
845 3760 969 3838 patres,
998 3739 1270 3838 dicebanturque
1293 3740 1368 3814 sen·

399 3862 529 3951 tentiae,
563 3867 641 3933 “ut
667 3859 866 3958 praetoribus
883 3857 941 3956 jus
963 3857 1141 3956 virgarum
1164 3861 1200 3934 in
1232 3859 1368 3933 histrio·

401 3991 429 4032 “
446 4007 507 4057 nes
522 3981 602 4052 effct
618 3980 655 4051 :''
682 3978 863 4052 intercessit
893 3976 1060 4052 Haterius
1082 3979 1242 4079 Agrippa
1258 3980 1366 4054 tribu-
