3259 5284
400 584 471 659 206
617 574 1195 655 C.ConuatttTncrrt

397 776 473 829 rem
486 752 649 829 statuunt.
698 755 840 853 Quibus
855 756 1085 853 adprehensis,
1109 764 1137 801 “
1150 758 1267 831 Patres
1285 782 1370 831 con·

400 880 428 917 “
446 870 579 971 scripti,
612 878 715 967 hos,”
748 876 879 974 inquit,
912 880 1097 951 “orbatos
1124 898 1277 975 parente,
1302 898 1372 951 tra·

400 992 524 1067 “didi
555 1015 681 1093 patruo
699 994 867 1093 ipsorum,
895 994 1120 1095 precatusque
1134 994 1223 1087 sum,
1249 1024 1373 1095 quam-

399 1121 427 1157 “
445 1140 553 1211 quam
576 1116 658 1189 esset
682 1116 734 1189 illi
757 1116 897 1215 propria
913 1114 1060 1207 soboles,
1083 1142 1127 1191 ne
1144 1114 1239 1191 secus
1263 1118 1374 1213 quim

400 1242 428 1279 “
446 1234 548 1309 suum
569 1234 772 1335 sanguinem
794 1234 927 1309 foveret
951 1261 991 1309 ac
1012 1236 1160 1325 tolleret,
1185 1234 1371 1333 sibique&

399 1361 428 1399 “
445 1354 589 1453 posteris
605 1353 850 1443 confomnaret.
902 1358 1031 1453 Erepto
1044 1354 1173 1446 Druso,
1194 1378 1311 1451 preces
1327 1355 1374 1429 ad

400 1482 429 1521 “
446 1500 511 1549 vos
529 1494 711 1565 converto,
727 1473 862 1573 diisque
880 1479 913 1549 δι
937 1475 1046 1573 patris
1066 1500 1186 1549 coram
1210 1474 1372 1565 obtestor,

401 1593 601 1693 “Augusti
619 1614 841 1693 pronepotes,
855 1594 1044 1669 clarissimis
1065 1593 1252 1693 majoribus
1274 1594 1373 1693 geni·

401 1720 502 1788 “tos
526 1712 701 1811 suscipite,
722 1714 856 1813 regite:
880 1714 1029 1789 vestram
1051 1740 1237 1814 meamque
1258 1715 1374 1791 vicem

401 1840 430 1879 “
447 1834 596 1930 explete.
645 1832 701 1909 Hi
723 1834 839 1925 vobis,
865 1834 963 1908 Nero
983 1834 1165 1925 &'Druse,
1191 1856 1375 1933 parentum

401 1960 430 1998 “
448 1955 556 2027 loco:
586 1954 637 2029 ita
662 1955 736 2029 nati
764 1954 857 2044 estis,
880 1974 919 2029 ut
947 1960 1042 2031 bona
1073 1958 1234 2053 malaque
1266 1956 1374 2031 vestra

401 2074 493 2147 “ad
517 2074 773 2172 rempublicam
796 2074 1026 2173 pertineant.”

445 2196 512 2268 IX.
538 2197 695 2269 Manno
727 2220 769 2269 ea
799 2198 898 2287 fletu,
928 2198 962 2269 δε
997 2220 1085 2269 mox
1118 2194 1374 2294 precationibus

399 2312 518 2389 faustis
550 2314 668 2388 audita
679 2343 692 2401 ς
725 2342 780 2405 ac,
814 2319 838 2389 st
870 2316 1018 2389 modum
1035 2313 1183 2389 orationi
1201 2312 1374 2411 posuisset,

400 2431 632 2509 misericordia
649 2432 700 2507 sul
718 2434 896 2532 gloriaque
911 2434 1046 2508 animos
1063 2432 1281 2507 audientium
1307 2439 1375 2509 irn-

400 2554 556 2651 pleverat
569 2580 579 2626 z
594 2554 639 2627 ad
655 2579 745 2627 vana
761 2558 795 2627 δι
811 2553 939 2629 totiens
956 2550 1057 2628 inrisa
1074 2555 1264 2644 revolutus,
1288 2560 1316 2597 “
1330 2555 1376 2627 de

403 2678 432 2717 “
449 2673 628 2747 reddenda
659 2674 858 2772 republica:
896 2696 1004 2773 utque
1033 2672 1202 2764 consules,
1226 2672 1284 2747 seu
1301 2674 1378 2772 quis

403 2800 433 2840 “
449 2795 550 2885 alius,
584 2793 740 2893 regimen
772 2794 1017 2893 susciperent,”
1055 2818 1138 2867 vero
1166 2818 1311 2890 quoque
1342 2797 1377 2867 δι

401 2916 546 2991 honesto
562 2916 672 2989 fidem
689 2916 849 3013 dempfit.
899 2912 1085 2989 Memoriae
1109 2914 1214 2987 Drufi
1238 2914 1376 3003 eadem,

402 3062 482 3135 quae
506 3036 544 3109 in
567 3034 834 3124 Germanicum,
850 3034 1107 3120 decernuntur3
1131 3030 1300 3131 plerisque
1315 3034 1376 3107 ad-

400 3157 497 3246 ditis,
530 3176 570 3229 ut
597 3154 706 3229 ferme
729 3172 823 3227 amat
857 3152 1019 3249 posterior
1032 3152 1207 3228 «adulatio.
1257 3155 1377 3228 Funus

402 3274 598 3374 imaginum
616 3278 747 3373 pompl
757 3272 910 3347 maxime
926 3273 1067 3347 inlustre
1083 3270 1260 3364 suit,ci1m
1276 3271 1378 3370 origo

402 3393 506 3490 Juliae
523 3394 635 3493 gentis
651 3394 795 3484 AEneas‚
819 3391 1009 3491 omnesque
1026 3394 1247 3466 Albanorum
1264 3416 1376 3490 reges,

403 3518 438 3587 u
455 3514 616 3589 conditor
630 3511 743 3587 Urbis
758 3514 948 3603 Romulus,
967 3511 1042 3609 post
1057 3512 1184 3587 Sabina
1200 3511 1378 3600 nobilitas,

404 3639 509 3709 Attus
550 3633 708 3722 Clausus,
749 3652 942 3729 ceteraque
973 3632 1200 3707 Claudiorum
1231 3631 1378 3731 effigiet,

404 3754 514 3852 longo
539 3753 660 3826 ordine
685 3751 925 3850 speshrentur.

453 3876 502 3947 X.
526 3874 572 3946 lu
595 3897 817 3947 carneuna
834 3892 945 3947 morte
961 3872 1079 3962 Dnrsr,
1110 3896 1188 3969 quae
1217 3870 1376 3969 plurimis

405 3991 630 4093 maximeque
655 3990 736 4069 fidis
752 3992 950 4068 aucloribus
968 4011 1159 4067 memorata
1174 3991 1265 4085 sunt,
1288 4010 1381 4067 retu·
