<?xml version="1.0" encoding="UTF-8"?>
<!DOCTYPE html PUBLIC "-//W3C//DTD XHTML 1.0 Transitional//EN"
    "http://www.w3.org/TR/xhtml1/DTD/xhtml1-transitional.dtd">
<html xmlns="http://www.w3.org/1999/xhtml" xml:lang="en" lang="en">
 <head>
  <title>
</title>
<meta http-equiv="Content-Type" content="text/html;charset=utf-8" />
  <meta name='ocr-system' content='tesseract 3.04.00' />
  <meta name='ocr-capabilities' content='ocr_page ocr_carea ocr_par ocr_line ocrx_word'/>
</head>
<body>
  <div class='ocr_page' id='page_1' title='image "./ccorneliitaciti04freigoog_0191.png"; bbox 0 0 3259 5284; ppageno 0'>
   <div class='ocr_carea' id='block_1_1' title="bbox 484 615 1236 716">
    <p class='ocr_par' dir='ltr' id='par_1_1' title="bbox 484 615 1236 716">
     <span class='ocr_line' id='line_1_1' title="bbox 484 615 1236 716; baseline -0.005 -20"><span class='ocrx_word' id='word_1_1' title='bbox 484 615 1003 696; x_wconf 76' lang='lat' dir='ltr'>Auuntrnanra.II.</span> <span class='ocrx_word' id='word_1_2' title='bbox 1171 641 1236 716; x_wconf 80' lang='lat'>¹33</span> 
     </span>
    </p>
   </div>
   <div class='ocr_carea' id='block_1_2' title="bbox 189 783 1275 4092">
    <p class='ocr_par' dir='ltr' id='par_1_2' title="bbox 189 783 1275 4092">
     <span class='ocr_line' id='line_1_2' title="bbox 266 783 1237 886; baseline -0.011 -17"><span class='ocrx_word' id='word_1_3' title='bbox 266 793 297 835; x_wconf 81' lang='lat'>¹¹</span> <span class='ocrx_word' id='word_1_4' title='bbox 313 805 372 868; x_wconf 71' lang='lat' dir='ltr'>aut</span> <span class='ocrx_word' id='word_1_5' title='bbox 388 787 529 864; x_wconf 83' lang='lat' dir='ltr'>maritus</span> <span class='ocrx_word' id='word_1_6' title='bbox 541 815 645 886; x_wconf 85' lang='lat' dir='ltr'>eques</span> <span class='ocrx_word' id='word_1_7' title='bbox 662 793 846 864; x_wconf 85' lang='lat' dir='ltr'>Romanus</span> <span class='ocrx_word' id='word_1_8' title='bbox 862 787 973 862; x_wconf 81' lang='lat' dir='ltr'>fuillet</span> <span class='ocrx_word' id='word_1_9' title='bbox 988 788 1025 860; x_wconf 86' lang='lat'>:’&#39;</span> <span class='ocrx_word' id='word_1_10' title='bbox 1057 811 1139 860; x_wconf 90' lang='lat' dir='ltr'>nam</span> <span class='ocrx_word' id='word_1_11' title='bbox 1161 783 1237 858; x_wconf 90' lang='lat' dir='ltr'>Vis·</span> 
     </span>
     <span class='ocr_line' id='line_1_3' title="bbox 265 904 1237 1006; baseline 0 -28"><span class='ocrx_word' id='word_1_12' title='bbox 265 907 340 980; x_wconf 89' lang='lat' dir='ltr'>tilia</span> <span class='ocrx_word' id='word_1_13' title='bbox 378 909 536 1004; x_wconf 66' lang='lat' dir='ltr'>praetorid</span> <span class='ocrx_word' id='word_1_14' title='bbox 566 909 694 983; x_wconf 76' lang='lat' dir='ltr'>familia</span> <span class='ocrx_word' id='word_1_15' title='bbox 733 909 863 1006; x_wconf 86' lang='lat' dir='ltr'>genita,</span> <span class='ocrx_word' id='word_1_16' title='bbox 919 905 1096 980; x_wconf 84' lang='lat' dir='ltr'>licentiam</span> <span class='ocrx_word' id='word_1_17' title='bbox 1131 904 1237 1001; x_wconf 87' lang='lat' dir='ltr'>stupri</span> 
     </span>
     <span class='ocr_line' id='line_1_4' title="bbox 264 1026 1235 1126; baseline -0.003 -28"><span class='ocrx_word' id='word_1_18' title='bbox 264 1027 360 1122; x_wconf 84' lang='lat' dir='ltr'>apud</span> <span class='ocrx_word' id='word_1_19' title='bbox 375 1026 491 1101; x_wconf 78' lang='lat' dir='ltr'>aediles</span> <span class='ocrx_word' id='word_1_20' title='bbox 508 1030 709 1126; x_wconf 81' lang='lat' dir='ltr'>vulgaverat</span> <span class='ocrx_word' id='word_1_21' title='bbox 724 1057 734 1113; x_wconf 84' lang='lat'>3</span> <span class='ocrx_word' id='word_1_22' title='bbox 755 1053 852 1101; x_wconf 87' lang='lat' dir='ltr'>more</span> <span class='ocrx_word' id='word_1_23' title='bbox 868 1027 955 1100; x_wconf 89' lang='lat' dir='ltr'>inter</span> <span class='ocrx_word' id='word_1_24' title='bbox 971 1044 1101 1097; x_wconf 85' lang='lat' dir='ltr'>veteres</span> <span class='ocrx_word' id='word_1_25' title='bbox 1118 1047 1235 1119; x_wconf 89' lang='lat' dir='ltr'>recep-</span> 
     </span>
     <span class='ocr_line' id='line_1_5' title="bbox 263 1141 1237 1245; baseline -0.005 -27"><span class='ocrx_word' id='word_1_26' title='bbox 263 1165 316 1234; x_wconf 89' lang='lat' dir='ltr'>to,</span> <span class='ocrx_word' id='word_1_27' title='bbox 358 1145 421 1242; x_wconf 89' lang='lat' dir='ltr'>qui</span> <span class='ocrx_word' id='word_1_28' title='bbox 447 1144 525 1220; x_wconf 86' lang='lat' dir='ltr'>satis</span> <span class='ocrx_word' id='word_1_29' title='bbox 548 1173 735 1245; x_wconf 75' lang='lat' dir='ltr'>poenarum</span> <span class='ocrx_word' id='word_1_30' title='bbox 762 1145 946 1218; x_wconf 70' lang='lat' dir='ltr'>adversum</span> <span class='ocrx_word' id='word_1_31' title='bbox 974 1143 1168 1238; x_wconf 89' lang='lat' dir='ltr'>impudicas</span> <span class='ocrx_word' id='word_1_32' title='bbox 1200 1141 1237 1214; x_wconf 92' lang='lat' dir='ltr'>in</span> 
     </span>
     <span class='ocr_line' id='line_1_6' title="bbox 263 1263 1238 1362; baseline 0.002 -28"><span class='ocrx_word' id='word_1_33' title='bbox 263 1263 337 1359; x_wconf 68' lang='lat' dir='ltr'>ipsa</span> <span class='ocrx_word' id='word_1_34' title='bbox 360 1263 560 1360; x_wconf 80' lang='lat' dir='ltr'>profeffrone</span> <span class='ocrx_word' id='word_1_35' title='bbox 576 1264 699 1362; x_wconf 88' lang='lat' dir='ltr'>flagitii</span> <span class='ocrx_word' id='word_1_36' title='bbox 716 1265 913 1338; x_wconf 87' lang='lat' dir='ltr'>credebant.</span> <span class='ocrx_word' id='word_1_37' title='bbox 965 1263 1140 1334; x_wconf 75' lang='lat' dir='ltr'>Exadtum</span> <span class='ocrx_word' id='word_1_38' title='bbox 1161 1266 1194 1333; x_wconf 79' lang='lat' dir='ltr'>lla</span> <span class='ocrx_word' id='word_1_39' title='bbox 1217 1285 1238 1336; x_wconf 82' lang='lat' dir='ltr'>a</span> 
     </span>
     <span class='ocr_line' id='line_1_7' title="bbox 262 1379 1237 1472; baseline -0.005 -16"><span class='ocrx_word' id='word_1_40' title='bbox 262 1382 398 1456; x_wconf 90' lang='lat' dir='ltr'>Titidio</span> <span class='ocrx_word' id='word_1_41' title='bbox 420 1386 602 1472; x_wconf 83' lang='lat' dir='ltr'>Labeone,</span> <span class='ocrx_word' id='word_1_42' title='bbox 616 1384 755 1458; x_wconf 82' lang='lat' dir='ltr'>Vistiliae</span> <span class='ocrx_word' id='word_1_43' title='bbox 771 1381 908 1472; x_wconf 87' lang='lat' dir='ltr'>marito,</span> <span class='ocrx_word' id='word_1_44' title='bbox 939 1387 967 1424; x_wconf 89' lang='lat'><strong>“</strong></span> <span class='ocrx_word' id='word_1_45' title='bbox 981 1405 1041 1453; x_wconf 90' lang='lat' dir='ltr'>cur</span> <span class='ocrx_word' id='word_1_46' title='bbox 1069 1379 1105 1451; x_wconf 93' lang='lat' dir='ltr'>in</span> <span class='ocrx_word' id='word_1_47' title='bbox 1127 1403 1237 1452; x_wconf 82' lang='lat' dir='ltr'>uxore</span> 
     </span>
     <span class='ocr_line' id='line_1_8' title="bbox 264 1497 1235 1598; baseline -0.003 -25"><span class='ocrx_word' id='word_1_48' title='bbox 264 1508 292 1553; x_wconf 83' lang='lat'><strong>“</strong></span> <span class='ocrx_word' id='word_1_49' title='bbox 309 1501 427 1585; x_wconf 63' lang='lat' dir='ltr'>delicti</span> <span class='ocrx_word' id='word_1_50' title='bbox 462 1502 642 1584; x_wconf 62' lang='lat' dir='ltr'>manifestis</span> <span class='ocrx_word' id='word_1_51' title='bbox 680 1503 851 1574; x_wconf 90' lang='lat' dir='ltr'>ultionem</span> <span class='ocrx_word' id='word_1_52' title='bbox 899 1500 984 1598; x_wconf 89' lang='lat' dir='ltr'>legis</span> <span class='ocrx_word' id='word_1_53' title='bbox 1017 1498 1176 1573; x_wconf 83' lang='lat' dir='ltr'>omisrllet</span> <span class='ocrx_word' id='word_1_54' title='bbox 1195 1497 1235 1570; x_wconf 87' lang='lat'>?”</span> 
     </span>
     <span class='ocr_line' id='line_1_9' title="bbox 189 1617 1235 1718; baseline -0.004 -24"><span class='ocrx_word' id='word_1_55' title='bbox 189 1676 194 1684; x_wconf 80' lang='lat'>-</span> <span class='ocrx_word' id='word_1_56' title='bbox 262 1642 369 1717; x_wconf 87' lang='lat' dir='ltr'>atque</span> <span class='ocrx_word' id='word_1_57' title='bbox 385 1621 447 1694; x_wconf 93' lang='lat' dir='ltr'>illo</span> <span class='ocrx_word' id='word_1_58' title='bbox 463 1622 698 1717; x_wconf 76' lang='lat' dir='ltr'>praetendente</span> <span class='ocrx_word' id='word_1_59' title='bbox 730 1618 954 1718; x_wconf 83' lang='lat' dir='ltr'>“sexaginta</span> <span class='ocrx_word' id='word_1_60' title='bbox 980 1617 1054 1690; x_wconf 91' lang='lat' dir='ltr'>dies</span> <span class='ocrx_word' id='word_1_61' title='bbox 1080 1617 1125 1692; x_wconf 86' lang='lat' dir='ltr'>ad</span> <span class='ocrx_word' id='word_1_62' title='bbox 1151 1642 1235 1690; x_wconf 87' lang='lat' dir='ltr'>con·</span> 
     </span>
     <span class='ocr_line' id='line_1_10' title="bbox 263 1734 1237 1835; baseline 0.004 -26"><span class='ocrx_word' id='word_1_63' title='bbox 263 1745 291 1783; x_wconf 89' lang='lat'><strong>“</strong></span> <span class='ocrx_word' id='word_1_64' title='bbox 309 1739 509 1815; x_wconf 85' lang='lat' dir='ltr'>sultandum</span> <span class='ocrx_word' id='word_1_65' title='bbox 547 1741 646 1812; x_wconf 87' lang='lat' dir='ltr'>datos</span> <span class='ocrx_word' id='word_1_66' title='bbox 680 1741 832 1814; x_wconf 84' lang='lat' dir='ltr'>necdum</span> <span class='ocrx_word' id='word_1_67' title='bbox 883 1737 1115 1835; x_wconf 83' lang='lat' dir='ltr'>praeteriille,”</span> <span class='ocrx_word' id='word_1_68' title='bbox 1157 1734 1237 1813; x_wconf 82' lang='lat' dir='ltr'>satis</span> 
     </span>
     <span class='ocr_line' id='line_1_11' title="bbox 262 1853 1235 1954; baseline 0.001 -27"><span class='ocrx_word' id='word_1_69' title='bbox 262 1853 375 1928; x_wconf 79' lang='lat' dir='ltr'>visum</span> <span class='ocrx_word' id='word_1_70' title='bbox 393 1858 438 1929; x_wconf 91' lang='lat' dir='ltr'>de</span> <span class='ocrx_word' id='word_1_71' title='bbox 454 1855 587 1930; x_wconf 68' lang='lat' dir='ltr'>Vitatis</span> <span class='ocrx_word' id='word_1_72' title='bbox 603 1855 757 1931; x_wconf 86' lang='lat' dir='ltr'>statuere.</span> <span class='ocrx_word' id='word_1_73' title='bbox 809 1861 930 1954; x_wconf 87' lang='lat' dir='ltr'>anue</span> <span class='ocrx_word' id='word_1_74' title='bbox 949 1857 986 1928; x_wconf 93' lang='lat' dir='ltr'>in</span> <span class='ocrx_word' id='word_1_75' title='bbox 1008 1853 1151 1928; x_wconf 86' lang='lat' dir='ltr'>insulam</span> <span class='ocrx_word' id='word_1_76' title='bbox 1175 1855 1235 1928; x_wconf 84' lang='lat' dir='ltr'>se-</span> 
     </span>
     <span class='ocr_line' id='line_1_12' title="bbox 261 1972 1235 2071; baseline -0.004 -19"><span class='ocrx_word' id='word_1_77' title='bbox 261 1975 389 2071; x_wconf 85' lang='lat' dir='ltr'>tiphon</span> <span class='ocrx_word' id='word_1_78' title='bbox 405 1975 523 2050; x_wconf 81' lang='lat' dir='ltr'>abdita</span> <span class='ocrx_word' id='word_1_79' title='bbox 538 1977 595 2050; x_wconf 87' lang='lat' dir='ltr'>est.</span> <span class='ocrx_word' id='word_1_80' title='bbox 646 1978 778 2050; x_wconf 65' lang='lat' dir='ltr'>Adlum</span> <span class='ocrx_word' id='word_1_81' title='bbox 801 1980 834 2048; x_wconf 71' lang='grc' dir='ltr'>ἃ</span> <span class='ocrx_word' id='word_1_82' title='bbox 859 1978 904 2048; x_wconf 93' lang='lat' dir='ltr'>de</span> <span class='ocrx_word' id='word_1_83' title='bbox 928 1973 1027 2048; x_wconf 89' lang='lat' dir='ltr'>sacris</span> <span class='ocrx_word' id='word_1_84' title='bbox 1052 1972 1235 2071; x_wconf 80' lang='lat' dir='ltr'>AEgyptiis</span> 
     </span>
     <span class='ocr_line' id='line_1_13' title="bbox 262 2091 1234 2192; baseline -0.001 -26"><span class='ocrx_word' id='word_1_85' title='bbox 262 2092 486 2192; x_wconf 87' lang='lat' dir='ltr'>Judaicisque</span> <span class='ocrx_word' id='word_1_86' title='bbox 497 2093 689 2192; x_wconf 88' lang='lat' dir='ltr'>pellendis:</span> <span class='ocrx_word' id='word_1_87' title='bbox 716 2092 918 2192; x_wconf 63' lang='lat' dir='ltr'>fastumque</span> <span class='ocrx_word' id='word_1_88' title='bbox 940 2111 1079 2191; x_wconf 85' lang='lat' dir='ltr'>patrum</span> <span class='ocrx_word' id='word_1_89' title='bbox 1101 2091 1234 2166; x_wconf 89' lang='lat' dir='ltr'>consul·</span> 
     </span>
     <span class='ocr_line' id='line_1_14' title="bbox 259 2212 1235 2313; baseline -0.004 -23"><span class='ocrx_word' id='word_1_90' title='bbox 259 2235 353 2305; x_wconf 85' lang='lat' dir='ltr'>tum,</span> <span class='ocrx_word' id='word_1_91' title='bbox 379 2223 406 2259; x_wconf 91' lang='lat'><strong>“</strong></span> <span class='ocrx_word' id='word_1_92' title='bbox 423 2236 461 2288; x_wconf 92' lang='lat' dir='ltr'>ut</span> <span class='ocrx_word' id='word_1_93' title='bbox 483 2235 632 2313; x_wconf 88' lang='lat' dir='ltr'>quatuor</span> <span class='ocrx_word' id='word_1_94' title='bbox 655 2213 763 2290; x_wconf 83' lang='lat' dir='ltr'>millia</span> <span class='ocrx_word' id='word_1_95' title='bbox 785 2213 935 2287; x_wconf 90' lang='lat' dir='ltr'>libertini</span> <span class='ocrx_word' id='word_1_96' title='bbox 959 2213 1095 2312; x_wconf 89' lang='lat' dir='ltr'>generis</span> <span class='ocrx_word' id='word_1_97' title='bbox 1120 2217 1160 2288; x_wconf 78' lang='lat' dir='ltr'>ea</span> <span class='ocrx_word' id='word_1_98' title='bbox 1180 2212 1235 2286; x_wconf 92' lang='lat' dir='ltr'>su-</span> 
     </span>
     <span class='ocr_line' id='line_1_15' title="bbox 262 2329 1234 2432; baseline -0.002 -24"><span class='ocrx_word' id='word_1_99' title='bbox 262 2341 290 2377; x_wconf 88' lang='lat'><strong>“</strong></span> <span class='ocrx_word' id='word_1_100' title='bbox 309 2332 505 2430; x_wconf 88' lang='lat' dir='ltr'>perstitione</span> <span class='ocrx_word' id='word_1_101' title='bbox 533 2333 671 2424; x_wconf 63' lang='lat' dir='ltr'>inferta,</span> <span class='ocrx_word' id='word_1_102' title='bbox 711 2335 790 2432; x_wconf 81' lang='lat' dir='ltr'>quis</span> <span class='ocrx_word' id='word_1_103' title='bbox 818 2333 943 2408; x_wconf 86' lang='lat' dir='ltr'>idonea</span> <span class='ocrx_word' id='word_1_104' title='bbox 959 2353 1052 2425; x_wconf 84' lang='lat' dir='ltr'>aetas,</span> <span class='ocrx_word' id='word_1_105' title='bbox 1077 2334 1114 2406; x_wconf 93' lang='lat' dir='ltr'>in</span> <span class='ocrx_word' id='word_1_106' title='bbox 1142 2329 1234 2406; x_wconf 91' lang='lat' dir='ltr'>insu-</span> 
     </span>
     <span class='ocr_line' id='line_1_16' title="bbox 262 2451 1236 2546; baseline -0.001 -21"><span class='ocrx_word' id='word_1_107' title='bbox 262 2454 378 2526; x_wconf 84' lang='lat' dir='ltr'>“lam</span> <span class='ocrx_word' id='word_1_108' title='bbox 417 2452 606 2527; x_wconf 76' lang='lat' dir='ltr'>Sardiniam</span> <span class='ocrx_word' id='word_1_109' title='bbox 644 2455 889 2546; x_wconf 86' lang='lat' dir='ltr'>veherentur,”</span> <span class='ocrx_word' id='word_1_110' title='bbox 931 2453 1132 2527; x_wconf 71' lang='lat' dir='ltr'>coercendis</span> <span class='ocrx_word' id='word_1_111' title='bbox 1163 2451 1236 2524; x_wconf 90' lang='lat' dir='ltr'>illic</span> 
     </span>
     <span class='ocr_line' id='line_1_17' title="bbox 259 2571 1235 2670; baseline -0.002 -26"><span class='ocrx_word' id='word_1_112' title='bbox 259 2572 460 2662; x_wconf 84' lang='lat' dir='ltr'>latrociniis,</span> <span class='ocrx_word' id='word_1_113' title='bbox 488 2577 536 2663; x_wconf 77' lang='grc' dir='ltr'>δι,</span> <span class='ocrx_word' id='word_1_114' title='bbox 569 2576 594 2648; x_wconf 83' lang='lat' dir='ltr'><strong>fi</strong></span> <span class='ocrx_word' id='word_1_115' title='bbox 622 2576 670 2646; x_wconf 90' lang='lat' dir='ltr'>ob</span> <span class='ocrx_word' id='word_1_116' title='bbox 699 2573 905 2670; x_wconf 86' lang='lat' dir='ltr'>gravitatem</span> <span class='ocrx_word' id='word_1_117' title='bbox 922 2573 996 2646; x_wconf 87' lang='lat' dir='ltr'>caeli</span> <span class='ocrx_word' id='word_1_118' title='bbox 1022 2571 1235 2662; x_wconf 73' lang='lat' dir='ltr'>interiissent,</span> 
     </span>
     <span class='ocr_line' id='line_1_18' title="bbox 262 2691 1235 2780; baseline 0 -16"><span class='ocrx_word' id='word_1_119' title='bbox 262 2692 331 2764; x_wconf 89' lang='lat' dir='ltr'>vile</span> <span class='ocrx_word' id='word_1_120' title='bbox 353 2694 550 2766; x_wconf 86' lang='lat' dir='ltr'>damnum:</span> <span class='ocrx_word' id='word_1_121' title='bbox 587 2693 737 2764; x_wconf 88' lang='lat' dir='ltr'>“ceteri</span> <span class='ocrx_word' id='word_1_122' title='bbox 765 2693 928 2766; x_wconf 88' lang='lat' dir='ltr'>cederent</span> <span class='ocrx_word' id='word_1_123' title='bbox 951 2692 1060 2780; x_wconf 80' lang='lat' dir='ltr'>ltalia,</span> <span class='ocrx_word' id='word_1_124' title='bbox 1086 2691 1145 2762; x_wconf 84' lang='lat' dir='ltr'>nisr</span> <span class='ocrx_word' id='word_1_125' title='bbox 1162 2713 1235 2764; x_wconf 84' lang='lat' dir='ltr'>cet·</span> 
     </span>
     <span class='ocr_line' id='line_1_19' title="bbox 262 2797 1087 2906; baseline 0 -26"><span class='ocrx_word' id='word_1_126' title='bbox 262 2815 292 2852; x_wconf 89' lang='lat'><strong>“</strong></span> <span class='ocrx_word' id='word_1_127' title='bbox 309 2828 383 2880; x_wconf 89' lang='lat' dir='ltr'>tam</span> <span class='ocrx_word' id='word_1_128' title='bbox 399 2797 477 2882; x_wconf 86' lang='lat' dir='ltr'>ante</span> <span class='ocrx_word' id='word_1_129' title='bbox 492 2809 588 2880; x_wconf 90' lang='lat' dir='ltr'>diem</span> <span class='ocrx_word' id='word_1_130' title='bbox 610 2808 773 2906; x_wconf 85' lang='lat' dir='ltr'>profanos</span> <span class='ocrx_word' id='word_1_131' title='bbox 784 2809 866 2882; x_wconf 89' lang='lat' dir='ltr'>ritus</span> <span class='ocrx_word' id='word_1_132' title='bbox 883 2810 1087 2884; x_wconf 85' lang='lat' dir='ltr'>exuiffent.&#39;&#39;</span> 
     </span>
     <span class='ocr_line' id='line_1_20' title="bbox 307 2924 1234 3024; baseline 0 -24"><span class='ocrx_word' id='word_1_133' title='bbox 307 2929 516 3001; x_wconf 85' lang='lat' dir='ltr'><strong>LXXXVI.</strong></span> <span class='ocrx_word' id='word_1_134' title='bbox 541 2929 642 3000; x_wconf 84' lang='lat' dir='ltr'>Posr</span> <span class='ocrx_word' id='word_1_135' title='bbox 661 2954 739 3023; x_wconf 83' lang='lat' dir='ltr'>quae</span> <span class='ocrx_word' id='word_1_136' title='bbox 756 2927 872 3000; x_wconf 88' lang='lat' dir='ltr'>retulit</span> <span class='ocrx_word' id='word_1_137' title='bbox 893 2924 1018 3019; x_wconf 84' lang='lat' dir='ltr'>Caesar,</span> <span class='ocrx_word' id='word_1_138' title='bbox 1044 2934 1072 2970; x_wconf 79' lang='lat'>‘⁴</span> <span class='ocrx_word' id='word_1_139' title='bbox 1093 2927 1234 3024; x_wconf 89' lang='lat' dir='ltr'>capien-</span> 
     </span>
     <span class='ocr_line' id='line_1_21' title="bbox 262 3034 1235 3144; baseline -0.003 -22"><span class='ocrx_word' id='word_1_140' title='bbox 262 3047 393 3122; x_wconf 86' lang='lat' dir='ltr'>“dam</span> <span class='ocrx_word' id='word_1_141' title='bbox 414 3046 586 3144; x_wconf 87' lang='lat' dir='ltr'>virginem</span> <span class='ocrx_word' id='word_1_142' title='bbox 610 3047 647 3119; x_wconf 91' lang='lat' dir='ltr'>in</span> <span class='ocrx_word' id='word_1_143' title='bbox 675 3048 793 3118; x_wconf 91' lang='lat' dir='ltr'>locum</span> <span class='ocrx_word' id='word_1_144' title='bbox 817 3046 977 3137; x_wconf 84' lang='lat' dir='ltr'>Occiae,’&#39;</span> <span class='ocrx_word' id='word_1_145' title='bbox 1002 3034 1083 3143; x_wconf 46' lang='lat' dir='ltr'>quae&#39;</span> <span class='ocrx_word' id='word_1_146' title='bbox 1103 3043 1235 3142; x_wconf 87' lang='lat' dir='ltr'>septem</span> 
     </span>
     <span class='ocr_line' id='line_1_22' title="bbox 261 3162 1237 3264; baseline -0.003 -23"><span class='ocrx_word' id='word_1_147' title='bbox 261 3172 296 3241; x_wconf 74' lang='grc' dir='ltr'>δι</span> <span class='ocrx_word' id='word_1_148' title='bbox 331 3165 584 3264; x_wconf 84' lang='lat' dir='ltr'>quinquaginta</span> <span class='ocrx_word' id='word_1_149' title='bbox 616 3191 679 3262; x_wconf 88' lang='lat' dir='ltr'>per</span> <span class='ocrx_word' id='word_1_150' title='bbox 712 3191 820 3238; x_wconf 86' lang='lat' dir='ltr'>annos</span> <span class='ocrx_word' id='word_1_151' title='bbox 857 3162 989 3238; x_wconf 65' lang='lat' dir='ltr'>summi</span> <span class='ocrx_word' id='word_1_152' title='bbox 1012 3164 1237 3245; x_wconf 62' lang='lat' dir='ltr'>sanetimonii</span> 
     </span>
     <span class='ocr_line' id='line_1_23' title="bbox 259 3281 1233 3382; baseline 0 -26"><span class='ocrx_word' id='word_1_153' title='bbox 259 3282 453 3359; x_wconf 86' lang='lat' dir='ltr'>Vestalibus</span> <span class='ocrx_word' id='word_1_154' title='bbox 468 3282 566 3358; x_wconf 87' lang='lat' dir='ltr'>sacris</span> <span class='ocrx_word' id='word_1_155' title='bbox 579 3281 803 3380; x_wconf 65' lang='lat' dir='ltr'>praesederat:</span> <span class='ocrx_word' id='word_1_156' title='bbox 831 3283 972 3382; x_wconf 86' lang='lat' dir='ltr'>egitque</span> <span class='ocrx_word' id='word_1_157' title='bbox 1006 3303 1117 3382; x_wconf 82' lang='lat' dir='ltr'>grates</span> <span class='ocrx_word' id='word_1_158' title='bbox 1139 3285 1233 3356; x_wconf 89' lang='lat' dir='ltr'>Fou-</span> 
     </span>
     <span class='ocr_line' id='line_1_24' title="bbox 259 3402 1234 3500; baseline 0.002 -25"><span class='ocrx_word' id='word_1_159' title='bbox 259 3402 329 3478; x_wconf 90' lang='lat' dir='ltr'>teio</span> <span class='ocrx_word' id='word_1_160' title='bbox 342 3403 526 3500; x_wconf 75' lang='lat' dir='ltr'>Agrippae,</span> <span class='ocrx_word' id='word_1_161' title='bbox 540 3407 574 3476; x_wconf 71' lang='grc' dir='ltr'>ἃ</span> <span class='ocrx_word' id='word_1_162' title='bbox 588 3402 747 3478; x_wconf 88' lang='lat' dir='ltr'>Domitio</span> <span class='ocrx_word' id='word_1_163' title='bbox 763 3402 930 3492; x_wconf 89' lang='lat' dir='ltr'>Pollioni,</span> <span class='ocrx_word' id='word_1_164' title='bbox 967 3411 994 3446; x_wconf 90' lang='lat'><strong>“</strong></span> <span class='ocrx_word' id='word_1_165' title='bbox 1009 3402 1121 3500; x_wconf 68' lang='lat' dir='ltr'>quaid,</span> <span class='ocrx_word' id='word_1_166' title='bbox 1147 3403 1234 3478; x_wconf 84' lang='lat' dir='ltr'>offe·</span> 
     </span>
     <span class='ocr_line' id='line_1_25' title="bbox 254 3521 1234 3618; baseline 0.002 -24"><span class='ocrx_word' id='word_1_167' title='bbox 254 3531 288 3582; x_wconf 81' lang='lat'>·“</span> <span class='ocrx_word' id='word_1_168' title='bbox 304 3524 414 3594; x_wconf 81' lang='lat' dir='ltr'>tendo</span> <span class='ocrx_word' id='word_1_169' title='bbox 442 3521 544 3610; x_wconf 85' lang='lat' dir='ltr'>filias,</span> <span class='ocrx_word' id='word_1_170' title='bbox 580 3521 626 3594; x_wconf 91' lang='lat' dir='ltr'>de</span> <span class='ocrx_word' id='word_1_171' title='bbox 648 3521 765 3596; x_wconf 89' lang='lat' dir='ltr'>officio</span> <span class='ocrx_word' id='word_1_172' title='bbox 802 3521 839 3595; x_wconf 93' lang='lat' dir='ltr'>in</span> <span class='ocrx_word' id='word_1_173' title='bbox 870 3521 1124 3618; x_wconf 74' lang='lat' dir='ltr'>rempublicam</span> <span class='ocrx_word' id='word_1_174' title='bbox 1158 3547 1234 3596; x_wconf 90' lang='lat' dir='ltr'>cer·</span> 
     </span>
     <span class='ocr_line' id='line_1_26' title="bbox 260 3640 1275 3732; baseline 0.007 -20"><span class='ocrx_word' id='word_1_175' title='bbox 260 3648 289 3685; x_wconf 88' lang='lat'><strong>“</strong></span> <span class='ocrx_word' id='word_1_176' title='bbox 307 3643 454 3716; x_wconf 87' lang='lat' dir='ltr'>tarent.&#39;&#39;</span> <span class='ocrx_word' id='word_1_177' title='bbox 504 3641 651 3714; x_wconf 85' lang='lat' dir='ltr'>Praelata</span> <span class='ocrx_word' id='word_1_178' title='bbox 674 3640 722 3713; x_wconf 90' lang='lat' dir='ltr'>est</span> <span class='ocrx_word' id='word_1_179' title='bbox 760 3641 926 3714; x_wconf 90' lang='lat' dir='ltr'>Pollionis</span> <span class='ocrx_word' id='word_1_180' title='bbox 962 3641 1046 3732; x_wconf 82' lang='lat' dir='ltr'>filia,</span> <span class='ocrx_word' id='word_1_181' title='bbox 1081 3668 1154 3715; x_wconf 87' lang='lat' dir='ltr'>non</span> <span class='ocrx_word' id='word_1_182' title='bbox 1187 3644 1234 3720; x_wconf 92' lang='lat' dir='ltr'>ob</span> <span class='ocrx_word' id='word_1_183' title='bbox 1271 3689 1275 3696; x_wconf 85' lang='lat'>-</span> 
     </span>
     <span class='ocr_line' id='line_1_27' title="bbox 259 3757 1235 3858; baseline 0.002 -26"><span class='ocrx_word' id='word_1_184' title='bbox 259 3759 368 3846; x_wconf 89' lang='lat' dir='ltr'>aliud,</span> <span class='ocrx_word' id='word_1_185' title='bbox 392 3759 502 3854; x_wconf 71' lang='lat' dir='ltr'>quam</span> <span class='ocrx_word' id='word_1_186' title='bbox 520 3760 618 3855; x_wconf 67' lang='lat' dir='ltr'>quud</span> <span class='ocrx_word' id='word_1_187' title='bbox 640 3779 751 3832; x_wconf 83' lang='lat' dir='ltr'>mater</span> <span class='ocrx_word' id='word_1_188' title='bbox 773 3757 845 3854; x_wconf 82' lang='lat' dir='ltr'>ejus</span> <span class='ocrx_word' id='word_1_189' title='bbox 871 3760 907 3831; x_wconf 93' lang='lat' dir='ltr'>in</span> <span class='ocrx_word' id='word_1_190' title='bbox 929 3761 1055 3833; x_wconf 85' lang='lat' dir='ltr'>eodem</span> <span class='ocrx_word' id='word_1_191' title='bbox 1070 3759 1235 3858; x_wconf 89' lang='lat' dir='ltr'>conjugio</span> 
     </span>
     <span class='ocr_line' id='line_1_28' title="bbox 255 3877 1233 3976; baseline 0.001 -23"><span class='ocrx_word' id='word_1_192' title='bbox 255 3879 441 3953; x_wconf 83' lang='lat' dir='ltr'>manebat:</span> <span class='ocrx_word' id='word_1_193' title='bbox 466 3901 548 3951; x_wconf 87' lang='lat' dir='ltr'>nam</span> <span class='ocrx_word' id='word_1_194' title='bbox 561 3877 725 3976; x_wconf 83' lang='lat' dir='ltr'>Agrippa</span> <span class='ocrx_word' id='word_1_195' title='bbox 737 3877 883 3952; x_wconf 91' lang='lat' dir='ltr'>discidio</span> <span class='ocrx_word' id='word_1_196' title='bbox 902 3880 1050 3954; x_wconf 91' lang='lat' dir='ltr'>domum</span> <span class='ocrx_word' id='word_1_197' title='bbox 1067 3879 1233 3960; x_wconf 90' lang='lat' dir='ltr'>imminu·</span> 
     </span>
     <span class='ocr_line' id='line_1_29' title="bbox 592 3999 817 4092; baseline 0.009 -2"><span class='ocrx_word' id='word_1_198' title='bbox 592 4085 595 4090; x_wconf 83' lang='lat'>.</span> <span class='ocrx_word' id='word_1_199' title='bbox 741 3999 817 4092; x_wconf 67' lang='lat'>¹43</span> 
     </span>
    </p>
   </div>
   <div class='ocr_carea' id='block_1_3' title="bbox 0 0 1634 5284">
    <p class='ocr_par' dir='ltr' id='par_1_3' title="bbox 0 0 1634 5284">
     <span class='ocr_line' id='line_1_30' title="bbox 0 0 1634 5284; baseline 0 3"><span class='ocrx_word' id='word_1_200' title='bbox 0 0 1634 5284; x_wconf 95' lang='lat' dir='ltr'> </span> 
     </span>
    </p>
   </div>
  </div>
 </body>
</html>
