3259 5284
378 610 424 682 80
597 607 1174 688 C.CorssmTrcrr1

376 780 414 854 in
444 779 621 877 planitiem
648 781 787 858 saltibus
803 783 1060 881 circumjestam
1077 787 1238 860 traxere:
1263 787 1345 861 dein
1399 797 1401 806 '

376 898 501 988 coorti,
530 905 564 972 δι
580 902 736 999 undique
752 906 846 978 effusi
863 906 1009 978 trudunt
1020 905 1191 995 adversos,
1220 905 1346 980 instant

375 1018 591 1109 cedentibus,
616 1022 844 1120 collestosque
861 1024 896 1096 in
913 1027 1049 1113 orbem,
1068 1051 1144 1122 pars
1160 1029 1343 1123 congressi,

375 1137 519 1234 quidam
534 1139 669 1213 eminus
686 1144 900 1238 proturbant.
949 1142 1166 1232 Cariovalda,
1186 1143 1249 1217 diu
1276 1143 1342 1219 sus-

375 1261 503 1330 tentatas
523 1259 674 1332 hostium
705 1257 844 1352 saevitist,
874 1263 1031 1334 hortatus
1053 1260 1131 1335 suos
1155 1281 1194 1336 ut
1222 1263 1342 1361 ingru-

373 1396 469 1450 entes
480 1397 631 1452 catervas
649 1381 756 1477 globo
772 1379 978 1478 frangerent,
999 1399 1103 1479 atque
1119 1380 1188 1478 ipse
1204 1382 1240 1454 in
1257 1385 1344 1456 den-

374 1499 512 1570 srffimos
527 1498 742 1594 imumpens,
761 1499 932 1596 congestis
947 1499 1021 1571 telis
1047 1498 1229 1573 &suffosso
1251 1526 1343 1598 equo

373 1617 513 1707 labitur,
526 1645 566 1690 ac
578 1618 680 1690 multi
692 1617 864 1690 nobilium
881 1618 998 1690 circa:
1028 1637 1157 1691 ceteros
1184 1619 1235 1692 vis
1269 1620 1341 1711 sua,

372 1757 431 1809 aut
448 1737 579 1833 equites
589 1763 671 1810 cum
682 1736 844 1810 Stertinio
857 1736 1074 1835 AEmilioque
1085 1737 1340 1831 subvenientes,

372 1855 524 1953 periculo
545 1859 717 1930 exemere.

429 1976 512 2048 XII.
543 1976 685 2048 Casan
726 1976 943 2076 transgressus
976 1976 1166 2075 Visurgim,
1210 1977 1340 2052 indicio

373 2093 529 2193 persugae
561 2093 753 2194 cognoscit,
793 2097 1007 2169 “delestum
1029 2099 1073 2168 ab
1095 2097 1255 2171 Arminio
1287 2101 1339 2172 lo·

373 2221 401 2257 “
416 2241 498 2288 cum
526 2241 677 2312 pugnae;
719 2215 916 2288 convenisse
944 2220 978 2288 δι
1010 2215 1090 2288 alias
1111 2215 1265 2289 nationes
1303 2219 1340 2291 in

373 2336 535 2407 “silvam
563 2333 711 2408 Herculi
737 2332 878 2422 sacram,
905 2332 1108 2431 ausurosque
1135 2337 1340 2411 noeturnam

342 2537 344 2542 .
373 2453 601 2527 “castrorum
614 2452 951 2552 oppugnationem.''
967 2452 1101 2526 Habita
1116 2453 1223 2527 indici
1238 2458 1338 2548 fides,

366 2577 406 2646 ἃ
434 2575 660 2646 cernebantur
687 2571 808 2669 ignes;
845 2571 1079 2670 suggressique
1103 2575 1243 2672 propius
1265 2574 1338 2672 spe·

370 2694 539 2767 culatores
564 2691 713 2765 “audiri
743 2691 921 2764 sreminrm
954 2691 1338 2788 equorum,immens1-
1401 2673 1404 2684 Ι

371 2820 400 2856 “
418 2838 488 2910 que
517 2817 551 2886 δι
582 2811 750 2885 inconditi
777 2810 927 2910 agminis
961 2811 1144 2883 murmur''
1182 2815 1338 2886 attulere.

367 2932 481 3032 Igitur
506 2931 702 3030 propinquo
730 2929 873 3004 summae
899 2929 948 3004 rei
977 2929 1184 3019 discrimine,
1215 2933 1338 3028 explo-

368 3054 492 3126 randos
507 3050 660 3124 militum
676 3051 811 3124 animos
829 3071 930 3139 ratus,
943 3077 1095 3148 quonam
1111 3050 1147 3122 id
1159 3051 1268 3122 modo
1285 3052 1339 3124 in-

368 3192 571 3268 corruptum
592 3170 694 3258 soret,
721 3170 837 3242 secum
853 3169 1030 3266 agitabat:
1059 3167 1278 3242 “Tribunos
1303 3177 1336 3246 ὅτ
1392 3253 1395 3264 ,

370 3290 628 3363 “centuriones
646 3291 724 3360 laeta
744 3287 879 3384 sapius,
903 3288 1010 3384 quam
1032 3309 1208 3383 comperta
1221 3289 1338 3362 nunti-

370 3415 398 3452 “
411 3435 468 3482 are
481 3436 491 3493 ;
516 3407 719 3480 libertorum
746 3404 877 3478 servilia
903 3405 1064 3504 ingenia;
1089 3389 1207 3480 amicis
1234 3407 1340 3482 inesse

369 3536 398 3573 “
411 3527 667 3600 adulationem:
700 3530 723 3600 fi
749 3525 872 3598 concio
901 3545 1057 3616 vocetur,
1085 3525 1153 3598 illic
1181 3553 1337 3626 quoque,

362 3633 399 3691 '⁴‘
412 3673 490 3744 quae
508 3646 609 3744 pauci
626 3645 802 3743 incipiant,
827 3644 979 3742 reliquos
1001 3645 1214 3742 adstrepere:
1240 3647 1338 3743 peni-

369 3774 397 3809 “
411 3787 466 3839 tus
487 3764 673 3838 noscendas
695 3785 839 3856 mentes,
867 3767 949 3839 cum
972 3763 1087 3838 secreti
1120 3769 1153 3836 δι
1185 3764 1337 3839 incusto-

369 3893 396 3946 -“
410 3884 488 3972 diti,
510 3883 597 3957 inter
608 3884 772 3959 militares
796 3885 908 3977 cibos,
929 3883 1024 3985 spem
1037 3903 1094 3960 aut
1110 3906 1242 3960 metum
1257 3911 1337 3984 pro-

370 4012 396 4052 “
410 4003 569 4078 ferrent.'’
