3259 5284
602 942 688 1017 nn
743 929 1161 1019 Ptncrrurs

409 1179 913 1271 CORNELII
983 1190 1349 1270 TACITI

442 1444 760 1510 EDITORIBUS
792 1449 857 1509 ET
888 1448 1315 1515 INTERPRETIBUS.

263 1818 271 1831 ·
389 1732 537 1883 Inruit
562 1801 660 1877 initia
672 1803 922 1881 renascentium
944 1807 1134 1899 literarum,
1160 1808 1368 1908 &egregiae

388 1921 484 1995 illius
497 1922 593 2015 artis,
619 1951 696 2022 quae
720 1926 906 2000 hominurn
931 1926 1073 2025 ingenia
1097 1928 1368 2024 rempublicam
1489 1922 1493 1929 ’

388 2040 484 2133 fecit,
518 2042 671 2117 Veneriis
695 2044 788 2118 circa
814 2039 946 2119 annuiir
979 2049 1068 2137 1468
1101 2046 1228 2144 prodiit
1255 2048 1368 2143 prima

387 2162 506 2237 Taciti
521 2161 627 2236 editio
638 2173 667 2252 ¹,
679 2164 896 2261 antiquitate,
912 2164 1096 2262 elegantil,
1115 2165 1253 2239 raritate
1264 2165 1365 2263 praes·

387 2280 582 2355 tantiffima.
631 2281 758 2353 Multis
774 2282 933 2380 quidem,
959 2287 994 2356 δι
1011 2281 1216 2380 gravillrmis
1241 2284 1366 2358 errori·

387 2405 469 2492 bus,
485 2422 525 2505 ut
540 2399 677 2474 solitum
688 2400 736 2473 est
750 2400 786 2474 in
800 2401 921 2497 primis
938 2399 1130 2499 quibusque
1141 2401 1364 2493 editionibus,

387 2521 544 2607 ioedata3
570 2519 714 2594 abest&
731 2520 797 2592 Cn.
815 2519 900 2615 Julii
928 2519 1105 2618 Agricolae
1127 2520 1224 2595 vita:
1250 2523 1365 2597 adhuc

391 2662 536 2740 quoque
550 2641 705 2714 latebant
720 2638 778 2713 sex
793 2638 923 2737 priores
948 2638 1139 2713 Annalium
1157 2639 1246 2716 libri.
1295 2640 1365 2715 Ni·

432 2883 445 2913 ¹
464 2877 535 2939 Hac
549 2877 638 2957 prima
646 2874 742 2936 Taciti
754 2874 842 2935 editio
855 2876 960 2955 prodiit
972 2878 1027 2937 line
1040 2876 1094 2938 ulli
1105 2878 1161 2937 loci
1174 2878 1274 2941 &anni
1286 2878 1363 2951 noti,

390 2976 562 3058 hisquamor
574 2977 702 3044 verfibue,
722 2975 753 3033 in
769 2976 822 3035 fine
833 2974 992 3054 subjunctis,
1010 2976 1168 3056 conspicua.

518 3076 648 3154 caſsem
656 3097 732 3134 mores
734 3074 830 3151 scribit
842 3076 986 3135 comlm:
1006 3076 1064 3153 Esto

555 3176 603 3253 Iste
614 3174 668 3234 ribi
671 3176 765 3234 codex:
784 3176 901 3252 Historiae
908 3188 989 3253 paler
1000 3178 1044 3253 ess-

516 3275 615 3353 Irpignr'
623 3296 692 3352 quem
704 3272 857 3352 laudeseret
865 3295 929 3353 gens
942 3276 1060 3352 postera:
1074 3274 1161 3352 prrffit

559 3374 636 3451 Spira
645 3387 767 3449 premens,
786 3381 850 3433 artis
859 3372 941 3451 gloria
948 3376 1105 3453 primsuae.

392 3465 468 3532 clm
485 3471 603 3550 Joannee
615 3478 641 3531 ει
657 3470 827 3531 Vendelinus
840 3472 875 3532 de
889 3471 966 3552 spira
983 3472 1151 3552 splendidam
1165 3473 1248 3535 Plinii
1261 3472 1362 3535 editio·

391 3593 458 3633 nem
468 3552 595 3632 Veneriis
612 3571 784 3651 vulgaverint
796 3590 870 3632 anno
893 3576 977 3651 1469,
994 3574 1051 3633 haec
1065 3575 1160 3635 Taciti
1179 3573 1278 3643 editio,
1298 3582 1364 3632 artis

390 3673 477 3753 gloria
484 3675 642 3749 priuasuae,
659 3690 733 3730 anno
749 3672 820 3749 1467
835 3686 882 3730 aut
898 3674 971 3749 1468
984 3672 1122 3751 publicata
1133 3673 1179 3732 eli.
1206 3674 1240 3731 In
1252 3672 1284 3732 ei
1296 3692 1362 3732 con-

390 3774 514 3834 tinentur
532 3770 578 3829 sex
598 3768 756 3848 posteriores
782 3769 932 3831 Annalium
951 3771 1030 3839 libri,
1050 3778 1075 3831 ἀ
1096 3772 1279 3832 Historiarum
1297 3771 1365 3831 libri

390 3868 671 3950 quinque31ibellue
692 3868 729 3927 de
749 3869 812 3939 fitu,
831 3870 954 3932 moribus
974 3880 1000 3934 δι
1010 3870 1119 3953 populis
1140 3872 1313 3945 <termnum
1335 3877 1362 3932 ee

391 3969 527 4051 Dialogus
537 3966 573 4028 de
583 3965 663 4029 claris
674 3967 848 4034 oratoribus.
