3259 5284
485 573 787 645 Arruntium
820 568 932 641 Lis.
959 567 1023 641 III.
1195 582 1258 664 151

298 742 417 818 secreti
446 743 582 841 questus
614 742 726 840 magis
758 740 989 815 ardescebant.
1056 744 1085 782 “
1102 739 1144 810 Id
1178 754 1264 837 ergo

301 870 330 906 “
348 862 397 937 sas
412 862 512 953 aviae,
544 860 805 935 interfectricem
823 861 956 958 nepotis
972 858 1132 958 aspicere,
1165 858 1263 930 adlo-

301 988 330 1024 “
348 980 423 1079 qui,
439 980 569 1078 eripere
583 975 742 1054 senatui?
777 980 873 1076 quod
902 1005 965 1076 pro
989 977 1152 1052 omnibus
1179 976 1265 1050 civi·

302 1107 331 1145 “
347 1101 412 1173 bus
428 1102 521 1197 leges
538 1098 729 1188 obtineant,
745 1098 807 1171 uni
824 1097 1034 1171 Germanico
1058 1120 1129 1169 non
1154 1094 1266 1168 conti·

302 1222 332 1261 “
349 1218 455 1317 gisse!
482 1217 612 1314 Vitellii
640 1217 827 1291 &Veranii
843 1242 930 1291 voce
958 1219 1124 1289 defletum
1157 1213 1267 1287 Caesa·

302 1343 331 1381 “
348 1362 450 1423 rem;
487 1340 533 1411 ab
572 1339 783 1435 Imperatore
820 1342 855 1410 δι
895 1336 1053 1434 Augustd
1095 1332 1269 1408 defensam

304 1462 333 1501 “
350 1457 576 1531 Plancinam!
606 1456 752 1554 proinde
767 1479 901 1532 venena
928 1460 961 1528 δι
988 1473 1076 1527 artes
1101 1472 1172 1527 tarn
1193 1450 1269 1524 seli·

303 1582 334 1624 “
351 1575 435 1649 citer
450 1595 608 1672 expertas
624 1594 771 1648 verteret
799 1574 834 1646 in
861 1572 1108 1671 Agrippinam,
1133 1569 1168 1643 in
1185 1570 1270 1644 libe-

304 1701 408 1767 “ros
435 1691 520 1791 ejus,
550 1694 796 1792 egregiamque
820 1692 934 1765 aviam
955 1717 996 1763 ac
1018 1710 1176 1787 patruum
1199 1687 1272 1762 san·

307 1819 336 1856 “
354 1814 459 1910 guine
484 1811 679 1888 miserrima
708 1814 835 1885 domus
863 1810 1074 1884 exsatiaret.''
1122 1810 1273 1883 Biduum

306 1930 407 2029 super
434 1934 499 2005 hac
525 1930 678 2030 imagine
709 1930 918 2029 cognitionis
944 1927 1190 2028 absumptum
1214 1954 1274 2003 ur-

308 2068 414 2149 gente
429 2050 571 2123 Tiberio
586 2048 714 2123 liberos
734 2047 880 2141 Pisonis,
909 2056 1096 2123 “matrem
1125 2048 1175 2121 uti
1199 2070 1274 2121 tue·

308 2177 338 2215 “
355 2170 507 2243 rentur.''
557 2171 604 2243 Et
626 2170 709 2243 clam
725 2166 933 2242 accusatores
948 2194 989 2242 ac
1004 2169 1104 2243 testes
1120 2166 1275 2242 certatim

309 2307 519 2387 perorarent,
553 2288 778 2387 respondente
822 2289 933 2381 nullo,
968 2286 1136 2383 miseratio
1168 2288 1277 2385 quarn

308 2408 442 2482 invidia
478 2411 678 2507 augebatur.
741 2406 880 2481 Primus
911 2406 1113 2483 sententiam
1140 2427 1280 2505 rogatus

309 2527 472 2602 Aurelius
495 2529 599 2601 Cotta
629 2526 747 2602 consul
788 2531 890 2622 (nam
930 2527 1097 2603 referente
1132 2526 1277 2618 caesare‚

310 2646 526 2745 magistratus
541 2670 584 2719 eo
600 2646 704 2718 etiarn
720 2672 862 2719 munere
885 2644 1138 2744 fungebantur)
1170 2654 1198 2689 ‘⁴
1216 2673 1279 2720 no·

313 2772 341 2807 “
357 2789 440 2836 men
467 2759 596 2837 Pisonis
623 2764 816 2837 radendum
836 2763 952 2837 sastis”
980 2763 1133 2838 censuit:
1160 2771 1188 2808 “
1203 2791 1280 2862 par-

315 2890 343 2925 “
362 2902 434 2955 tem
450 2884 625 2955 bonorum
652 2881 925 2978 publicandam
956 2908 1032 2981 pars
1046 2912 1049 2923 ·
1061 2903 1101 2954 ut
1133 2886 1200 2957 Cn.
1223 2884 1281 2958 Pi-

313 3008 343 3045 “
360 2999 432 3075 soni
459 3000 532 3073 silio
554 3001 811 3092 concederetur,
840 3001 934 3100 isque
951 3027 1153 3100 praenomen
1170 3024 1283 3077 muta·

314 3128 343 3165 “
361 3140 425 3193 ret.
479 3122 536 3193 M.
553 3118 630 3193 Piso
647 3121 949 3219 exutst'dignitate,
969 3127 1002 3194 u
1019 3142 1163 3219 accepto
1180 3124 1283 3222 quin-

315 3248 344 3283 “
362 3238 505 3337 quagies
531 3237 693 3330 sesterti0,
719 3240 903 3319 indecem
931 3268 1049 3321 annos.
1065 3244 1287 3340 relegaretur,

315 3367 344 3405 “
363 3356 521 3434 concessd
535 3357 710 3432 Plancina
727 3360 967 3436 incolumitate
989 3365 1037 3436 ob
1062 3386 1180 3459 preces
1208 3367 1285 3437 Au-

317 3487 345 3523 re
364 3478 510 3576 μὴ),

363 3598 497 3672 XVIII.
521 3600 675 3673 Murra
692 3622 736 3679 ex
753 3602 793 3674 ed
807 3599 973 3676 sententia
992 3600 1149 3701 mitigata
1164 3601 1241 3676 sunt
1267 3630 1289 3677 a

317 3716 502 3811 Principe:
531 3724 558 3760 “
576 3743 620 3791 ne
652 3745 783 3793 nomen
806 3718 937 3793 Pisonis
963 3718 1054 3793 fastis
1067 3720 1287 3813 eximeretur,

318 3842 349 3877 “
367 3836 506 3929 quando
522 3836 579 3908 M.
597 3838 758 3929 Antonii,
777 3839 839 3936 qui
855 3840 986 3913 bellurn
1003 3840 1119 3937 patria
1132 3840 1289 3930 ,fecissen

321 3957 349 3997 ‘⁶
366 3950 441 4048 Juli
473 3955 619 4030 Antonii
660 3958 721 4057 qui
759 3959 909 4035 domum
937 3958 1088 4059 Augusti
1120 3961 1290 4053 violass'et,

779 4078 864 4171 L4
