<?xml version="1.0" encoding="UTF-8"?>
<!DOCTYPE html PUBLIC "-//W3C//DTD XHTML 1.0 Transitional//EN"
    "http://www.w3.org/TR/xhtml1/DTD/xhtml1-transitional.dtd">
<html xmlns="http://www.w3.org/1999/xhtml" xml:lang="en" lang="en">
 <head>
  <title>
</title>
<meta http-equiv="Content-Type" content="text/html;charset=utf-8" />
  <meta name='ocr-system' content='tesseract 3.04.00' />
  <meta name='ocr-capabilities' content='ocr_page ocr_carea ocr_par ocr_line ocrx_word'/>
</head>
<body>
  <div class='ocr_page' id='page_1' title='image "./ccorneliitaciti04freigoog_0296.png"; bbox 0 0 3259 5284; ppageno 0'>
   <div class='ocr_carea' id='block_1_1' title="bbox 400 530 1172 629">
    <p class='ocr_par' dir='ltr' id='par_1_1' title="bbox 400 530 1172 629">
     <span class='ocr_line' id='line_1_1' title="bbox 400 530 1172 629; baseline 0 -24"><span class='ocrx_word' id='word_1_1' title='bbox 400 534 469 629; x_wconf 78' lang='lat'>238</span> <span class='ocrx_word' id='word_1_2' title='bbox 596 530 1172 607; x_wconf 71' lang='lat' dir='ltr'>GConuanrrTacrr‘r</span> 
     </span>
    </p>
   </div>
   <div class='ocr_carea' id='block_1_2' title="bbox 395 703 1374 3891">
    <p class='ocr_par' dir='ltr' id='par_1_2' title="bbox 399 703 1374 1507">
     <span class='ocr_line' id='line_1_2' title="bbox 400 703 1374 803; baseline 0.001 -25"><span class='ocrx_word' id='word_1_3' title='bbox 400 704 500 803; x_wconf 93' lang='lat' dir='ltr'>super</span> <span class='ocrx_word' id='word_1_4' title='bbox 531 706 687 795; x_wconf 72' lang='lat' dir='ltr'>deleelae,</span> <span class='ocrx_word' id='word_1_5' title='bbox 722 706 920 803; x_wconf 84' lang='lat' dir='ltr'>augendam</span> <span class='ocrx_word' id='word_1_6' title='bbox 946 705 993 781; x_wconf 90' lang='lat' dir='ltr'>ad</span> <span class='ocrx_word' id='word_1_7' title='bbox 1019 703 1256 779; x_wconf 83' lang='lat' dir='ltr'>formidinem.</span> <span class='ocrx_word' id='word_1_8' title='bbox 1305 704 1374 779; x_wconf 86' lang='lat' dir='ltr'>Sed</span> 
     </span>
     <span class='ocr_line' id='line_1_3' title="bbox 401 822 1374 921; baseline 0.001 -25"><span class='ocrx_word' id='word_1_9' title='bbox 401 824 462 920; x_wconf 90' lang='lat' dir='ltr'>qui</span> <span class='ocrx_word' id='word_1_10' title='bbox 490 826 624 898; x_wconf 83' lang='lat' dir='ltr'>vallum</span> <span class='ocrx_word' id='word_1_11' title='bbox 645 822 827 919; x_wconf 83' lang='lat' dir='ltr'>legionum</span> <span class='ocrx_word' id='word_1_12' title='bbox 848 826 1041 914; x_wconf 74' lang='lat' dir='ltr'>tentabant,</span> <span class='ocrx_word' id='word_1_13' title='bbox 1067 822 1167 897; x_wconf 70' lang='lat' dir='ltr'>sacild</span> <span class='ocrx_word' id='word_1_14' title='bbox 1188 826 1374 921; x_wconf 89' lang='lat' dir='ltr'>pelluntur.</span> 
     </span>
     <span class='ocr_line' id='line_1_4' title="bbox 399 942 1372 1041; baseline 0.002 -26"><span class='ocrx_word' id='word_1_15' title='bbox 399 944 577 1016; x_wconf 90' lang='lat' dir='ltr'>Thracum</span> <span class='ocrx_word' id='word_1_16' title='bbox 605 942 748 1032; x_wconf 87' lang='lat' dir='ltr'>auxilia,</span> <span class='ocrx_word' id='word_1_17' title='bbox 773 943 953 1041; x_wconf 87' lang='lat' dir='ltr'>repentino</span> <span class='ocrx_word' id='word_1_18' title='bbox 974 943 1111 1018; x_wconf 91' lang='lat' dir='ltr'>incursu</span> <span class='ocrx_word' id='word_1_19' title='bbox 1133 943 1262 1035; x_wconf 89' lang='lat' dir='ltr'>territa,</span> <span class='ocrx_word' id='word_1_20' title='bbox 1287 944 1372 1017; x_wconf 77' lang='lat' dir='ltr'>clun</span> 
     </span>
     <span class='ocr_line' id='line_1_5' title="bbox 401 1060 1371 1161; baseline -0.001 -27"><span class='ocrx_word' id='word_1_21' title='bbox 401 1086 480 1161; x_wconf 90' lang='lat' dir='ltr'>pars</span> <span class='ocrx_word' id='word_1_22' title='bbox 497 1060 748 1135; x_wconf 86' lang='lat' dir='ltr'>munitionibus</span> <span class='ocrx_word' id='word_1_23' title='bbox 774 1060 981 1159; x_wconf 87' lang='lat' dir='ltr'>adjacerent,</span> <span class='ocrx_word' id='word_1_24' title='bbox 1008 1065 1123 1159; x_wconf 77' lang='lat' dir='ltr'>plures</span> <span class='ocrx_word' id='word_1_25' title='bbox 1151 1062 1247 1135; x_wconf 73' lang='lat' dir='ltr'>extra</span> <span class='ocrx_word' id='word_1_26' title='bbox 1275 1062 1371 1158; x_wconf 84' lang='lat' dir='ltr'>pala·</span> 
     </span>
     <span class='ocr_line' id='line_1_6' title="bbox 401 1178 1373 1279; baseline -0.001 -25"><span class='ocrx_word' id='word_1_27' title='bbox 401 1199 531 1269; x_wconf 91' lang='lat' dir='ltr'>rentur,</span> <span class='ocrx_word' id='word_1_28' title='bbox 556 1179 653 1253; x_wconf 78' lang='lat' dir='ltr'>tanto</span> <span class='ocrx_word' id='word_1_29' title='bbox 669 1178 829 1253; x_wconf 80' lang='lat' dir='ltr'>infensuls</span> <span class='ocrx_word' id='word_1_30' title='bbox 844 1185 932 1271; x_wconf 86' lang='lat' dir='ltr'>caesr,</span> <span class='ocrx_word' id='word_1_31' title='bbox 959 1181 1092 1278; x_wconf 82' lang='lat' dir='ltr'>quantb</span> <span class='ocrx_word' id='word_1_32' title='bbox 1120 1187 1149 1224; x_wconf 88' lang='lat'><strong>“</strong></span> <span class='ocrx_word' id='word_1_33' title='bbox 1166 1179 1321 1279; x_wconf 82' lang='lat' dir='ltr'>persugae</span> <span class='ocrx_word' id='word_1_34' title='bbox 1337 1184 1373 1253; x_wconf 68' lang='grc' dir='ltr'>ἃ</span> 
     </span>
     <span class='ocr_line' id='line_1_7' title="bbox 403 1296 1372 1399; baseline 0 -28"><span class='ocrx_word' id='word_1_35' title='bbox 403 1305 431 1343; x_wconf 84' lang='grc'>“</span> <span class='ocrx_word' id='word_1_36' title='bbox 450 1298 656 1395; x_wconf 87' lang='lat' dir='ltr'>proditores,</span> <span class='ocrx_word' id='word_1_37' title='bbox 682 1297 766 1374; x_wconf 90' lang='lat' dir='ltr'>serre</span> <span class='ocrx_word' id='word_1_38' title='bbox 790 1325 887 1373; x_wconf 89' lang='lat' dir='ltr'>arma</span> <span class='ocrx_word' id='word_1_39' title='bbox 913 1300 959 1374; x_wconf 89' lang='lat' dir='ltr'>ad</span> <span class='ocrx_word' id='word_1_40' title='bbox 979 1299 1079 1374; x_wconf 90' lang='lat' dir='ltr'>suum</span> <span class='ocrx_word' id='word_1_41' title='bbox 1094 1300 1285 1399; x_wconf 82' lang='lat' dir='ltr'>patriaeque</span> <span class='ocrx_word' id='word_1_42' title='bbox 1304 1296 1372 1373; x_wconf 85' lang='lat' dir='ltr'>ser-</span> 
     </span>
     <span class='ocr_line' id='line_1_8' title="bbox 402 1416 890 1507; baseline 0.002 -16"><span class='ocrx_word' id='word_1_43' title='bbox 402 1426 431 1463; x_wconf 89' lang='lat'><strong><em>“</em></strong></span> <span class='ocrx_word' id='word_1_44' title='bbox 449 1416 615 1507; x_wconf 91' lang='lat' dir='ltr'>vitium,”</span> <span class='ocrx_word' id='word_1_45' title='bbox 638 1416 890 1492; x_wconf 82' lang='lat' dir='ltr'>incusabantur.</span> 
     </span>
    </p>

    <p class='ocr_par' dir='ltr' id='par_1_3' title="bbox 395 1538 1374 3891">
     <span class='ocr_line' id='line_1_9' title="bbox 447 1538 1371 1635; baseline 0.001 -24"><span class='ocrx_word' id='word_1_46' title='bbox 447 1539 585 1611; x_wconf 84' lang='lat' dir='ltr'><strong>XLIX.</strong></span> <span class='ocrx_word' id='word_1_47' title='bbox 607 1538 787 1611; x_wconf 76' lang='lat' dir='ltr'>Posrnna</span> <span class='ocrx_word' id='word_1_48' title='bbox 813 1538 872 1611; x_wconf 91' lang='lat' dir='ltr'>die</span> <span class='ocrx_word' id='word_1_49' title='bbox 886 1538 1032 1614; x_wconf 84' lang='lat' dir='ltr'>Sabinus</span> <span class='ocrx_word' id='word_1_50' title='bbox 1051 1538 1243 1612; x_wconf 83' lang='lat' dir='ltr'>exercitum</span> <span class='ocrx_word' id='word_1_51' title='bbox 1266 1562 1371 1635; x_wconf 85' lang='lat' dir='ltr'>aequo</span> 
     </span>
     <span class='ocr_line' id='line_1_10' title="bbox 400 1655 1370 1748; baseline 0 -17"><span class='ocrx_word' id='word_1_52' title='bbox 400 1659 479 1731; x_wconf 90' lang='lat' dir='ltr'>loco</span> <span class='ocrx_word' id='word_1_53' title='bbox 506 1655 666 1745; x_wconf 89' lang='lat' dir='ltr'>ostendit,</span> <span class='ocrx_word' id='word_1_54' title='bbox 702 1660 724 1728; x_wconf 85' lang='lat' dir='ltr'>fi</span> <span class='ocrx_word' id='word_1_55' title='bbox 750 1658 899 1748; x_wconf 87' lang='lat' dir='ltr'>barbari,</span> <span class='ocrx_word' id='word_1_56' title='bbox 925 1656 1078 1731; x_wconf 79' lang='lat' dir='ltr'>successu</span> <span class='ocrx_word' id='word_1_57' title='bbox 1104 1658 1214 1731; x_wconf 68' lang='lat' dir='ltr'>noctis</span> <span class='ocrx_word' id='word_1_58' title='bbox 1229 1658 1370 1746; x_wconf 75' lang='lat' dir='ltr'>alacres,</span> 
     </span>
     <span class='ocr_line' id='line_1_11' title="bbox 401 1776 1371 1874; baseline -0.003 -24"><span class='ocrx_word' id='word_1_59' title='bbox 401 1776 567 1874; x_wconf 85' lang='lat' dir='ltr'>proelium</span> <span class='ocrx_word' id='word_1_60' title='bbox 583 1776 767 1848; x_wconf 84' lang='lat' dir='ltr'>auderent:</span> <span class='ocrx_word' id='word_1_61' title='bbox 796 1780 830 1849; x_wconf 75' lang='lat' dir='ltr'>dt</span> <span class='ocrx_word' id='word_1_62' title='bbox 848 1776 1029 1873; x_wconf 88' lang='lat' dir='ltr'>postquam</span> <span class='ocrx_word' id='word_1_63' title='bbox 1046 1776 1197 1865; x_wconf 88' lang='lat' dir='ltr'>castello,</span> <span class='ocrx_word' id='word_1_64' title='bbox 1215 1795 1274 1848; x_wconf 85' lang='lat' dir='ltr'>aut</span> <span class='ocrx_word' id='word_1_65' title='bbox 1287 1800 1371 1847; x_wconf 90' lang='lat' dir='ltr'>con·</span> 
     </span>
     <span class='ocr_line' id='line_1_12' title="bbox 395 1892 1373 1994; baseline -0.001 -26"><span class='ocrx_word' id='word_1_66' title='bbox 395 1892 526 1994; x_wconf 67' lang='lat' dir='ltr'>junelis</span> <span class='ocrx_word' id='word_1_67' title='bbox 542 1893 684 1967; x_wconf 88' lang='lat' dir='ltr'>tumulis</span> <span class='ocrx_word' id='word_1_68' title='bbox 696 1918 768 1965; x_wconf 91' lang='lat' dir='ltr'>non</span> <span class='ocrx_word' id='word_1_69' title='bbox 783 1894 1087 1992; x_wconf 83' lang='lat' dir='ltr'>degrediebantur,</span> <span class='ocrx_word' id='word_1_70' title='bbox 1112 1893 1284 1968; x_wconf 75' lang='lat' dir='ltr'>obsidium</span> <span class='ocrx_word' id='word_1_71' title='bbox 1298 1919 1373 1967; x_wconf 88' lang='lat' dir='ltr'>coe·</span> 
     </span>
     <span class='ocr_line' id='line_1_13' title="bbox 402 2012 1372 2114; baseline -0.003 -27"><span class='ocrx_word' id='word_1_72' title='bbox 402 2015 454 2114; x_wconf 93' lang='lat' dir='ltr'>pit</span> <span class='ocrx_word' id='word_1_73' title='bbox 471 2039 532 2110; x_wconf 94' lang='lat' dir='ltr'>per</span> <span class='ocrx_word' id='word_1_74' title='bbox 549 2012 714 2111; x_wconf 81' lang='lat' dir='ltr'>praefidia,</span> <span class='ocrx_word' id='word_1_75' title='bbox 742 2012 822 2109; x_wconf 86' lang='lat' dir='ltr'>quae</span> <span class='ocrx_word' id='word_1_76' title='bbox 848 2014 1048 2109; x_wconf 74' lang='lat' dir='ltr'>opportune</span> <span class='ocrx_word' id='word_1_77' title='bbox 1067 2012 1144 2113; x_wconf 88' lang='lat' dir='ltr'>jam</span> <span class='ocrx_word' id='word_1_78' title='bbox 1171 2012 1372 2101; x_wconf 81' lang='lat' dir='ltr'>muniebat:</span> 
     </span>
     <span class='ocr_line' id='line_1_14' title="bbox 399 2131 1374 2229; baseline 0.001 -23"><span class='ocrx_word' id='word_1_79' title='bbox 399 2133 481 2207; x_wconf 93' lang='lat' dir='ltr'>dein</span> <span class='ocrx_word' id='word_1_80' title='bbox 498 2132 621 2205; x_wconf 88' lang='lat' dir='ltr'>fossam</span> <span class='ocrx_word' id='word_1_81' title='bbox 637 2132 850 2229; x_wconf 89' lang='lat' dir='ltr'>loricamque</span> <span class='ocrx_word' id='word_1_82' title='bbox 872 2153 1075 2222; x_wconf 85' lang='lat' dir='ltr'>contexens,</span> <span class='ocrx_word' id='word_1_83' title='bbox 1101 2152 1250 2229; x_wconf 90' lang='lat' dir='ltr'>quatuor</span> <span class='ocrx_word' id='word_1_84' title='bbox 1266 2131 1374 2207; x_wconf 87' lang='lat' dir='ltr'>millia</span> 
     </span>
     <span class='ocr_line' id='line_1_15' title="bbox 402 2250 1371 2350; baseline -0.003 -24"><span class='ocrx_word' id='word_1_85' title='bbox 402 2255 560 2350; x_wconf 81' lang='lat' dir='ltr'>passuum</span> <span class='ocrx_word' id='word_1_86' title='bbox 581 2253 715 2325; x_wconf 85' lang='lat' dir='ltr'>ambitu</span> <span class='ocrx_word' id='word_1_87' title='bbox 739 2251 921 2345; x_wconf 82' lang='lat' dir='ltr'>amplexus</span> <span class='ocrx_word' id='word_1_88' title='bbox 947 2250 1006 2323; x_wconf 87' lang='lat' dir='ltr'>est.</span> <span class='ocrx_word' id='word_1_89' title='bbox 1054 2251 1152 2323; x_wconf 90' lang='lat' dir='ltr'>Tum</span> <span class='ocrx_word' id='word_1_90' title='bbox 1176 2251 1371 2348; x_wconf 86' lang='lat' dir='ltr'>paullatim,</span> 
     </span>
     <span class='ocr_line' id='line_1_16' title="bbox 401 2368 1374 2468; baseline 0.001 -24"><span class='ocrx_word' id='word_1_91' title='bbox 401 2392 441 2445; x_wconf 91' lang='lat' dir='ltr'>ut</span> <span class='ocrx_word' id='word_1_92' title='bbox 463 2396 591 2468; x_wconf 88' lang='lat' dir='ltr'>aquarn</span> <span class='ocrx_word' id='word_1_93' title='bbox 608 2370 847 2467; x_wconf 85' lang='lat' dir='ltr'>pabulumque</span> <span class='ocrx_word' id='word_1_94' title='bbox 862 2368 1022 2466; x_wconf 90' lang='lat' dir='ltr'>eriperet,</span> <span class='ocrx_word' id='word_1_95' title='bbox 1047 2372 1249 2445; x_wconf 87' lang='lat' dir='ltr'>contrahere</span> <span class='ocrx_word' id='word_1_96' title='bbox 1265 2371 1374 2445; x_wconf 84' lang='lat' dir='ltr'>claus-</span> 
     </span>
     <span class='ocr_line' id='line_1_17' title="bbox 400 2486 1373 2589; baseline 0.003 -27"><span class='ocrx_word' id='word_1_97' title='bbox 400 2509 454 2562; x_wconf 87' lang='lat' dir='ltr'>tra</span> <span class='ocrx_word' id='word_1_98' title='bbox 489 2490 652 2585; x_wconf 69' lang='lat' dir='ltr'>ardtaque</span> <span class='ocrx_word' id='word_1_99' title='bbox 679 2486 920 2562; x_wconf 85' lang='lat' dir='ltr'>circumdare:</span> <span class='ocrx_word' id='word_1_100' title='bbox 960 2492 994 2560; x_wconf 76' lang='grc' dir='ltr'>δι</span> <span class='ocrx_word' id='word_1_101' title='bbox 1029 2488 1217 2563; x_wconf 87' lang='lat' dir='ltr'>struebanu</span> <span class='ocrx_word' id='word_1_102' title='bbox 1248 2516 1373 2589; x_wconf 83' lang='lat' dir='ltr'>agger,</span> 
     </span>
     <span class='ocr_line' id='line_1_18' title="bbox 400 2604 1372 2704; baseline 0.004 -24"><span class='ocrx_word' id='word_1_103' title='bbox 400 2608 494 2681; x_wconf 89' lang='lat' dir='ltr'>unde</span> <span class='ocrx_word' id='word_1_104' title='bbox 510 2606 603 2697; x_wconf 85' lang='lat' dir='ltr'>saxa,</span> <span class='ocrx_word' id='word_1_105' title='bbox 628 2606 743 2697; x_wconf 80' lang='lat' dir='ltr'>hastae,</span> <span class='ocrx_word' id='word_1_106' title='bbox 769 2606 866 2703; x_wconf 88' lang='lat' dir='ltr'>ignes</span> <span class='ocrx_word' id='word_1_107' title='bbox 889 2606 1126 2704; x_wconf 92' lang='lat' dir='ltr'>propinquum</span> <span class='ocrx_word' id='word_1_108' title='bbox 1135 2604 1212 2704; x_wconf 90' lang='lat' dir='ltr'>jam</span> <span class='ocrx_word' id='word_1_109' title='bbox 1240 2609 1276 2683; x_wconf 94' lang='lat' dir='ltr'>in</span> <span class='ocrx_word' id='word_1_110' title='bbox 1296 2610 1372 2684; x_wconf 90' lang='lat' dir='ltr'>hos-</span> 
     </span>
     <span class='ocr_line' id='line_1_19' title="bbox 400 2724 1373 2825; baseline 0.003 -26"><span class='ocrx_word' id='word_1_111' title='bbox 400 2746 472 2801; x_wconf 89' lang='lat' dir='ltr'>tem</span> <span class='ocrx_word' id='word_1_112' title='bbox 487 2724 691 2825; x_wconf 85' lang='lat' dir='ltr'>jacerentur.</span> <span class='ocrx_word' id='word_1_113' title='bbox 740 2726 807 2799; x_wconf 85' lang='lat' dir='ltr'>Sed</span> <span class='ocrx_word' id='word_1_114' title='bbox 823 2726 911 2799; x_wconf 88' lang='lat' dir='ltr'>nibil</span> <span class='ocrx_word' id='word_1_115' title='bbox 927 2726 1040 2823; x_wconf 74' lang='lat' dir='ltr'>aequd,</span> <span class='ocrx_word' id='word_1_116' title='bbox 1067 2725 1176 2822; x_wconf 73' lang='lat' dir='ltr'>quam</span> <span class='ocrx_word' id='word_1_117' title='bbox 1188 2727 1268 2819; x_wconf 77' lang='lat' dir='ltr'>sitis,</span> <span class='ocrx_word' id='word_1_118' title='bbox 1294 2727 1373 2801; x_wconf 88' lang='lat' dir='ltr'>sati·</span> 
     </span>
     <span class='ocr_line' id='line_1_20' title="bbox 400 2844 1372 2945; baseline -0.003 -24"><span class='ocrx_word' id='word_1_119' title='bbox 400 2850 517 2945; x_wconf 80' lang='lat' dir='ltr'>gabat,</span> <span class='ocrx_word' id='word_1_120' title='bbox 542 2847 624 2918; x_wconf 79' lang='lat' dir='ltr'>cum</span> <span class='ocrx_word' id='word_1_121' title='bbox 642 2844 765 2944; x_wconf 84' lang='lat' dir='ltr'>ingens</span> <span class='ocrx_word' id='word_1_122' title='bbox 791 2844 978 2918; x_wconf 91' lang='lat' dir='ltr'>multitudo</span> <span class='ocrx_word' id='word_1_123' title='bbox 1000 2846 1221 2938; x_wconf 91' lang='lat' dir='ltr'>bellatorum,</span> <span class='ocrx_word' id='word_1_124' title='bbox 1246 2845 1372 2921; x_wconf 89' lang='lat' dir='ltr'>imbel-</span> 
     </span>
     <span class='ocr_line' id='line_1_21' title="bbox 399 2962 1371 3067; baseline -0.002 -28"><span class='ocrx_word' id='word_1_125' title='bbox 399 2967 501 3055; x_wconf 91' lang='lat' dir='ltr'>lium,</span> <span class='ocrx_word' id='word_1_126' title='bbox 527 2990 599 3037; x_wconf 92' lang='lat' dir='ltr'>uno</span> <span class='ocrx_word' id='word_1_127' title='bbox 628 2963 763 3061; x_wconf 90' lang='lat' dir='ltr'>reliquo</span> <span class='ocrx_word' id='word_1_128' title='bbox 785 2962 1097 3067; x_wconf 22' lang='lat' dir='ltr'>sonte-uterentur.</span> <span class='ocrx_word' id='word_1_129' title='bbox 1145 2965 1257 3037; x_wconf 90' lang='lat' dir='ltr'>Simul</span> <span class='ocrx_word' id='word_1_130' title='bbox 1272 2964 1371 3062; x_wconf 91' lang='lat' dir='ltr'>equi,</span> 
     </span>
     <span class='ocr_line' id='line_1_22' title="bbox 397 3080 1371 3182; baseline -0.001 -23"><span class='ocrx_word' id='word_1_131' title='bbox 397 3102 565 3173; x_wconf 88' lang='lat' dir='ltr'>armenta,</span> <span class='ocrx_word' id='word_1_132' title='bbox 589 3102 628 3155; x_wconf 92' lang='lat' dir='ltr'>ut</span> <span class='ocrx_word' id='word_1_133' title='bbox 656 3107 731 3155; x_wconf 87' lang='lat' dir='ltr'>mos</span> <span class='ocrx_word' id='word_1_134' title='bbox 759 3081 926 3171; x_wconf 85' lang='lat' dir='ltr'>barbaris,</span> <span class='ocrx_word' id='word_1_135' title='bbox 940 3080 1042 3180; x_wconf 72' lang='lat' dir='ltr'>juxta</span> <span class='ocrx_word' id='word_1_136' title='bbox 1064 3082 1191 3172; x_wconf 90' lang='lat' dir='ltr'>clausa,</span> <span class='ocrx_word' id='word_1_137' title='bbox 1219 3084 1371 3182; x_wconf 83' lang='lat' dir='ltr'>egestate</span> 
     </span>
     <span class='ocr_line' id='line_1_23' title="bbox 399 3197 1370 3302; baseline 0 -26"><span class='ocrx_word' id='word_1_138' title='bbox 399 3202 518 3302; x_wconf 86' lang='lat' dir='ltr'>pabuli</span> <span class='ocrx_word' id='word_1_139' title='bbox 551 3199 767 3275; x_wconf 87' lang='lat' dir='ltr'>exanimari:</span> <span class='ocrx_word' id='word_1_140' title='bbox 805 3197 961 3296; x_wconf 86' lang='lat' dir='ltr'>adjacere</span> <span class='ocrx_word' id='word_1_141' title='bbox 993 3225 1141 3297; x_wconf 89' lang='lat' dir='ltr'>corpora</span> <span class='ocrx_word' id='word_1_142' title='bbox 1167 3203 1370 3293; x_wconf 90' lang='lat' dir='ltr'>hominum,</span> 
     </span>
     <span class='ocr_line' id='line_1_24' title="bbox 398 3318 1372 3419; baseline -0.001 -25"><span class='ocrx_word' id='word_1_143' title='bbox 398 3348 486 3419; x_wconf 89' lang='lat' dir='ltr'>quos</span> <span class='ocrx_word' id='word_1_144' title='bbox 504 3322 661 3409; x_wconf 87' lang='lat' dir='ltr'>vulnera,</span> <span class='ocrx_word' id='word_1_145' title='bbox 686 3344 775 3415; x_wconf 89' lang='lat' dir='ltr'>quos</span> <span class='ocrx_word' id='word_1_146' title='bbox 793 3318 859 3391; x_wconf 87' lang='lat' dir='ltr'>fitis</span> <span class='ocrx_word' id='word_1_147' title='bbox 876 3339 1091 3416; x_wconf 88' lang='lat' dir='ltr'>peremerat:</span> <span class='ocrx_word' id='word_1_148' title='bbox 1119 3322 1230 3417; x_wconf 92' lang='lat' dir='ltr'>pollui</span> <span class='ocrx_word' id='word_1_149' title='bbox 1247 3322 1372 3394; x_wconf 70' lang='lat' dir='ltr'>cuncta</span> 
     </span>
     <span class='ocr_line' id='line_1_25' title="bbox 397 3436 1372 3534; baseline -0.002 -21"><span class='ocrx_word' id='word_1_150' title='bbox 397 3438 500 3528; x_wconf 90' lang='lat' dir='ltr'>sanie,</span> <span class='ocrx_word' id='word_1_151' title='bbox 526 3437 645 3527; x_wconf 87' lang='lat' dir='ltr'>odore,</span> <span class='ocrx_word' id='word_1_152' title='bbox 676 3438 848 3510; x_wconf 72' lang='lat' dir='ltr'>contadu.</span> <span class='ocrx_word' id='word_1_153' title='bbox 897 3436 1087 3534; x_wconf 87' lang='lat' dir='ltr'>Rebusque</span> <span class='ocrx_word' id='word_1_154' title='bbox 1113 3439 1270 3528; x_wconf 90' lang='lat' dir='ltr'>turbatis,</span> <span class='ocrx_word' id='word_1_155' title='bbox 1296 3464 1372 3511; x_wconf 88' lang='lat' dir='ltr'>ma·</span> 
     </span>
     <span class='ocr_line' id='line_1_26' title="bbox 398 3556 1371 3643; baseline 0.002 -14"><span class='ocrx_word' id='word_1_156' title='bbox 398 3559 473 3629; x_wconf 90' lang='lat' dir='ltr'>lum</span> <span class='ocrx_word' id='word_1_157' title='bbox 508 3575 705 3628; x_wconf 84' lang='lat' dir='ltr'>extremum</span> <span class='ocrx_word' id='word_1_158' title='bbox 743 3556 913 3629; x_wconf 90' lang='lat' dir='ltr'>discordia</span> <span class='ocrx_word' id='word_1_159' title='bbox 945 3560 1102 3643; x_wconf 73' lang='lat' dir='ltr'>accessit:</span> <span class='ocrx_word' id='word_1_160' title='bbox 1140 3558 1193 3630; x_wconf 90' lang='lat' dir='ltr'>his</span> <span class='ocrx_word' id='word_1_161' title='bbox 1221 3556 1371 3631; x_wconf 84' lang='lat' dir='ltr'>deditio-</span> 
     </span>
     <span class='ocr_line' id='line_1_27' title="bbox 396 3673 1370 3774; baseline 0.002 -26"><span class='ocrx_word' id='word_1_162' title='bbox 396 3700 492 3765; x_wconf 87' lang='lat' dir='ltr'>nem,</span> <span class='ocrx_word' id='word_1_163' title='bbox 509 3673 581 3749; x_wconf 88' lang='lat' dir='ltr'>aliis</span> <span class='ocrx_word' id='word_1_164' title='bbox 600 3692 761 3765; x_wconf 90' lang='lat' dir='ltr'>mortem,</span> <span class='ocrx_word' id='word_1_165' title='bbox 780 3680 813 3749; x_wconf 76' lang='grc' dir='ltr'>δι</span> <span class='ocrx_word' id='word_1_166' title='bbox 832 3694 973 3749; x_wconf 89' lang='lat' dir='ltr'>mutuos</span> <span class='ocrx_word' id='word_1_167' title='bbox 988 3674 1078 3747; x_wconf 88' lang='lat' dir='ltr'>inter</span> <span class='ocrx_word' id='word_1_168' title='bbox 1095 3675 1128 3749; x_wconf 89' lang='lat' dir='ltr'>se</span> <span class='ocrx_word' id='word_1_169' title='bbox 1145 3676 1229 3750; x_wconf 76' lang='lat' dir='ltr'>iaus</span> <span class='ocrx_word' id='word_1_170' title='bbox 1247 3702 1370 3774; x_wconf 86' lang='lat' dir='ltr'>paran-</span> 
     </span>
     <span class='ocr_line' id='line_1_28' title="bbox 395 3794 1374 3891; baseline 0.006 -24"><span class='ocrx_word' id='word_1_171' title='bbox 395 3794 508 3869; x_wconf 85' lang='lat' dir='ltr'>tibus:</span> <span class='ocrx_word' id='word_1_172' title='bbox 537 3797 700 3884; x_wconf 86' lang='lat' dir='ltr'>&amp;erant,</span> <span class='ocrx_word' id='word_1_173' title='bbox 728 3794 789 3891; x_wconf 89' lang='lat' dir='ltr'>qui</span> <span class='ocrx_word' id='word_1_174' title='bbox 815 3801 843 3837; x_wconf 91' lang='lat'><strong>“</strong></span> <span class='ocrx_word' id='word_1_175' title='bbox 860 3820 933 3868; x_wconf 91' lang='lat' dir='ltr'>non</span> <span class='ocrx_word' id='word_1_176' title='bbox 951 3794 1102 3869; x_wconf 87' lang='lat' dir='ltr'>inultum</span> <span class='ocrx_word' id='word_1_177' title='bbox 1127 3795 1289 3885; x_wconf 84' lang='lat' dir='ltr'>exitium,</span> <span class='ocrx_word' id='word_1_178' title='bbox 1314 3794 1374 3873; x_wconf 86' lang='lat' dir='ltr'>sed</span> 
     </span>
    </p>
   </div>
   <div class='ocr_carea' id='block_1_3' title="bbox 0 0 1634 5284">
    <p class='ocr_par' dir='ltr' id='par_1_4' title="bbox 0 0 1634 5284">
     <span class='ocr_line' id='line_1_29' title="bbox 0 0 1634 5284; baseline 0 2"><span class='ocrx_word' id='word_1_179' title='bbox 0 0 1634 5284; x_wconf 95' lang='lat' dir='ltr'> </span> 
     </span>
    </p>
   </div>
  </div>
 </body>
</html>
