3259 5284
363 597 408 692 38
570 591 1161 668 C.Conuat11Tnetrt

362 773 390 815 “
405 771 439 838 δι
472 763 640 838 claritudo
673 769 727 856 stt,
760 764 952 839 subvenisse
986 769 1151 840 Romano
1183 765 1332 858 nomini,

361 887 630 981 “compressisse
662 884 857 959 Germaniae
894 888 1052 983 populos.
1117 889 1211 976 Tua,
1251 888 1334 960 dive
1413 979 1415 982 Ι

362 1011 392 1048 “
406 1005 577 1102 Auguste,
607 1007 693 1079 celo
709 1026 847 1103 recepta
864 1030 974 1092 mens;
1003 1027 1076 1096 tua,
1096 1026 1192 1102 pater
1208 1006 1330 1098 Druse,

362 1131 391 1167 “
404 1125 537 1222 imag0,
565 1124 620 1197 tui
642 1126 822 1217 memoria,
856 1123 977 1200 iisdem
1006 1125 1074 1198 istis
1103 1151 1186 1198 tum
1211 1123 1331 1197 militi-

360 1250 389 1288 “
403 1245 482 1334 bus,
495 1270 583 1341 quos
592 1243 666 1342 jam
685 1247 843 1342 pudor&
863 1245 972 1342 gloria
982 1244 1097 1334 intrat,
1117 1245 1232 1318 eluant
1243 1246 1332 1316 hanc

361 1369 392 1411 “
403 1364 590 1452 maculam,
608 1363 738 1461 irasque
750 1364 869 1438 civiles
882 1365 918 1437 in
928 1363 1075 1438 exitium
1091 1363 1243 1437 hostibus
1255 1389 1331 1435 ver·

360 1490 390 1526 “
403 1503 487 1556 tant.
533 1485 604 1555 Vos
626 1509 781 1582 quoque,
805 1509 954 1582 quotum
970 1482 1036 1556 alia
1053 1509 1144 1556 nunc
1162 1508 1236 1571 ora,
1265 1481 1333 1554 alia

360 1608 390 1646 “
404 1604 542 1700 pestora
558 1623 736 1693 contueor,
771 1606 794 1676 fi
812 1605 944 1700 legatos
959 1601 1101 1692 senatui,
1128 1599 1332 1698 obsequium

360 1728 390 1769 “
403 1721 615 1818 imperatori,
644 1725 666 1794 sr
683 1722 770 1794 mihi
786 1720 974 1819 conjugem
990 1747 1031 1793 ac
1045 1719 1157 1794 filium
1173 1720 1329 1810 redditis,

254 1927 260 1936 ¹
360 1839 566 1914 “discedite
592 1868 612 1914 a
637 1845 812 1932 contaslm
843 1867 883 1913 ac
912 1839 1059 1914 dividite
1087 1839 1265 1912 turbidos:
1294 1839 1330 1912 id

359 1959 519 2032 “stabile
534 1963 577 2033 ad
595 1961 847 2056 paenitentiam,
882 1960 918 2033 id
935 1959 1016 2032 fidei
1033 1958 1214 2031 vinculum
1231 1958 1347 2051 erit.'l(
1432 1967 1434 1972 '

405 2078 540 2152 XLIV.
564 2082 777 2154 Surenicas
794 2083 840 2153 ad
857 2083 945 2167 lraec,
980 2079 1016 2149 &
1033 2103 1114 2150 vera
1142 2081 1328 2174 exprobra-

355 2198 385 2271 ri
402 2197 558 2288 fatentes,
587 2202 743 2289 orabant,
778 2199 956 2295 “puniret
975 2195 1113 2286 noxios,
1139 2195 1328 2294 ignosceret

357 2325 385 2363 “
400 2320 512 2415 lapsrs,
548 2323 581 2391 δι
598 2320 739 2391 duceret
766 2319 801 2391 in
825 2319 957 2391 hostem
969 2347 980 2404 ;
1014 2337 1227 2389 revocaretur
1243 2343 1326 2388 con-

355 2436 497 2535 “jumq
530 2437 655 2510 rediret
692 2439 872 2534 legionum
899 2439 1072 2525 alumnus,
1112 2459 1201 2508 neve
1232 2435 1328 2509 obses

357 2557 510 2630 “Gallis
530 2559 752 2629 traderetur.''
802 2555 972 2629 Reditum
995 2553 1200 2651 Agrippinae
1220 2579 1326 2627 excu-

355 2675 442 2750 savit
458 2679 506 2750 ob
524 2675 765 2749 imminentem
780 2694 930 2771 partum,
955 2675 992 2744 δι
1009 2672 1179 2745 hiemem:
1200 2680 1226 2716 “
1241 2699 1325 2746 ven-

355 2802 385 2847 “
398 2817 514 2870 tutum
531 2796 667 2869 filium:
694 2816 805 2868 cetera
822 2794 881 2890 ipsi
899 2791 1198 2889 exsequerentur”.
1248 2793 1325 2866 Dis·

354 2935 495 2991 cununt
511 2916 650 3005 mutati,
677 2921 710 2987 δι
726 2912 1010 2987 seditiofisfimum
1028 2936 1203 3009 quemque
1227 2911 1324 2984 vine-

351 3055 407 3108 tos
423 3038 563 3110 trahunt
579 3036 624 3108 ad
640 3036 794 3131 legatum
811 3032 958 3130 legionis
975 3031 1108 3128 primae,
1142 3033 1183 3104 C.
1201 3032 1325 3103 -Cetro-

352 3155 465 3245 nium,
493 3154 553 3250 qui
563 3152 737 3250 judicium
755 3157 788 3224 &
813 3178 933 3248 poenas
957 3152 1002 3224 de
1023 3150 1163 3249 singulis
1179 3151 1215 3222 in
1231 3153 1324 3224 hunc

335 3276 500 3350 ,modum
517 3271 681 3345 exercuit.
731 3273 873 3344 Stabant
890 3296 952 3366 pro
969 3270 1136 3344 concione
1153 3271 1322 3368 legiones,

350 3392 517 3465 destristis
538 3390 683 3489 gladiis:
713 3415 791 3462 reus
818 3389 854 3461 in
879 3389 1041 3488 suggestu
1065 3416 1124 3486 per
1144 3390 1324 3464 tribunum

350 3510 616 3584 ostendebatur:
660 3513 682 3581 sr
725 3516 753 3551 “
784 3511 993 3582 nocentem”
1034 3511 1322 3599 adclamaverant,

351 3655 504 3728 praeteps
525 3629 625 3700 datus
651 3628 895 3702 trucidabatur.
947 3631 994 3702 Et
1021 3632 1194 3728 gaudebat
1219 3629 1322 3703 caedi-

319 3812 321 3815 .
351 3752 417 3822 bus
433 3746 545 3836 miles,
574 3767 754 3845 tamquam
771 3747 876 3821 semet
892 3747 1100 3823 absolveret:
1132 3775 1196 3823 nec
1214 3747 1323 3823 Caesat

349 3869 499 3955 arcebat,
529 3868 670 3963 quando
687 3869 784 3940 nullo
807 3869 909 3964 ipsius
922 3866 1029 3965 jussu,
1056 3894 1160 3967 penes
1184 3868 1322 3942 eosdem

348 3986 477 4078 saevitia
508 3985 646 4065 fatti&
675 3986 806 4060 invidia
835 4007 914 4061 erat.
973 3990 1087 4074 Secuti
1119 3991 1323 4088 exemplum
