3259 5284
365 514 434 589 228
555 513 597 585 C.
637 512 904 589 Coruncrr
943 514 1145 590 Tserrr

369 706 523 777 quorum
568 710 706 757 rumore
738 688 948 783 arguebatur
995 684 1077 757 “in
1110 681 1336 759 ambitionem

371 808 400 850 “
418 801 589 891 flexiffe,’'
613 802 850 901 hujuscemodi
867 803 1056 877 orationem
1073 801 1195 898 coepit.
1210 808 1237 845 “
1248 802 1339 893 Scin,

373 926 401 962 “
419 939 530 1015 patres
546 920 742 1018 conscripti,
757 921 985 996 constantiam
1004 946 1118 995 meam
1135 948 1155 993 a
1173 919 1342 1017 plerisque

373 1044 401 1087 ⁴‘
418 1039 657 1129 desideratam,
685 1040 781 1137 quod
798 1044 889 1113 Afiae
907 1039 1103 1113 civitatibus
1119 1064 1230 1137 nuper
1246 1038 1341 1113 idem

374 1162 402 1199 “
421 1156 507 1230 istud
525 1158 730 1253 petentibus,
761 1186 834 1231 non
863 1163 924 1233 sim
952 1156 1171 1231 adversatus:
1198 1162 1342 1253 ergo&

373 1282 401 1319 “
419 1275 538 1372 prioris
566 1276 686 1353 filentii
703 1275 949 1367 desensronem,
973 1282 1007 1351 dr
1025 1277 1110 1374 quid
1127 1277 1163 1351 in
1187 1275 1343 1349 firturum

374 1402 402 1440 “
421 1395 610 1485 statuerim,
634 1398 734 1470 fimul
749 1395 911 1492 aperiam.
961 1396 1055 1473 Cum
1078 1394 1179 1469 divus
1203 1392 1341 1491 Augus·

376 1520 404 1562 “
422 1533 491 1603 tus,
517 1514 578 1587 sibi
594 1534 698 1611 atque
713 1515 806 1587 Urbi
821 1518 947 1593 Romae
963 1517 1137 1612 templum
1155 1515 1249 1611 apud
1260 1515 1342 1585 Per-

377 1638 405 1693 ‘-‘
424 1658 569 1729 gamum
586 1633 652 1705 fisti
679 1660 750 1707 non
768 1633 992 1729 prohibuisset
1007 1662 1016 1718 ;
1043 1634 1104 1731 qui
1120 1632 1240 1707 omnia
1256 1630 1345 1709 faeta

377 1757 405 1810 ‘2‘
423 1752 585 1847 distaque
616 1749 687 1848 ejus
714 1750 791 1824 vice
826 1750 912 1848 legis
950 1751 1144 1841 observem,
1177 1750 1345 1847 placitum

378 1867 494 1966 “jam
519 1871 723 1967 exemplum
763 1871 959 1968 promptius
993 1869 1126 1943 secutus
1147 1870 1236 1959 sum,
1265 1869 1348 1967 quia

379 1995 407 2030 “
425 1988 532 2061 cultui
555 2014 635 2061 meo
651 1990 827 2061 veneratio
845 1987 979 2061 senariis
995 1988 1255 2086 adjungebatur.
1280 1990 1347 2061 Ce-

379 2113 407 2148 “
425 2108 537 2179 terbm
561 2129 600 2179 ut
614 2107 719 2180 semel
735 2106 912 2203 recepisse,
934 2105 1072 2179 veniam
1089 2106 1270 2190 habuerit;
1302 2106 1350 2179 ita

381 2231 409 2268 “
428 2251 488 2321 per
504 2250 625 2297 omncs
642 2226 839 2320 provincias
865 2226 978 2322 effigie
1003 2225 1188 2299 numinum
1214 2224 1346 2314 sacrari,

380 2350 408 2391 “
426 2341 659 2431 ambitiosum,
693 2342 903 2438 superbum:
948 2347 982 2423 ὃς
1016 2341 1172 2423 vanescet
1199 2342 1349 2441 Augusti

380 2468 408 2503 “
426 2463 550 2549 honor,
576 2465 599 2533 fi
616 2460 819 2557 promiscuis
836 2460 1091 2538 adulationibus
1107 2462 1308 2559 vulgatur.’'

427 2580 634 2653 XXXVlll.
661 2586 689 2625 “
704 2582 786 2651 Eco
809 2604 879 2668 me,
908 2598 1020 2676 patres
1038 2578 1234 2677 conscripti,
1258 2604 1351 2659 mor·

382 2705 410 2741 “
428 2701 533 2772 talem
550 2700 629 2787 effe,
652 2702 686 2770 δι
714 2697 899 2776 hominum
923 2697 1035 2771 officia
1056 2695 1169 2795 fungi,
1207 2696 1350 2795 satisque

383 2823 411 2879 5‘
429 2820 567 2908 habere,
596 2821 619 2890 fi
643 2819 762 2894 locum
786 2814 979 2913 principem
1007 2815 1187 2913 impleam,
1226 2821 1260 2889 δι
1289 2840 1355 2889 vos

383 2943 411 3000 ‘.‘
429 2936 546 3025 testor,
585 2942 618 3009 δι
643 2934 835 3009 meminisse
859 2933 1011 3031 posteros
1035 2936 1144 3007 volo:
1182 2934 1242 3033 qui
1273 2934 1351 3015 satis

384 3054 599 3152 “superque
624 3053 803 3127 memoriae
826 3078 912 3125 meae
926 3052 1090 3141 tribuent,
1111 3072 1150 3125 ut
1167 3052 1353 3151 majoribus

383 3182 412 3237 t‘
429 3174 515 3249 meis
531 3173 696 3270 dignum,
711 3197 826 3244 rerum
841 3171 1027 3251 vestrarum
1045 3170 1247 3267 providum,
1266 3196 1352 3245 con-

384 3293 574 3365 “stantem
601 3290 637 3361 in
668 3289 841 3386 periculis,
874 3289 1103 3363 offenfionum
1128 3316 1190 3387 pro
1205 3291 1355 3368 utilitate

386 3418 414 3453 “
434 3408 574 3507 publica
601 3434 672 3482 non
690 3408 859 3504 pavidum
875 3408 1030 3481 credant.
1081 3412 1174 3483 Haec
1208 3409 1296 3481 mihi
1321 3409 1357 3482 in

386 3537 415 3581 “
433 3527 555 3601 animis
573 3525 689 3607 vestris
705 3528 851 3622 templa,
880 3529 934 3599 hae
955 3526 1197 3622 pulcherrimae
1213 3526 1358 3625 effigies,

387 3655 416 3705 -“
436 3653 468 3720 &
486 3643 676 3717 mansurae:
712 3670 794 3717 nam
812 3670 890 3742 quae
908 3643 990 3717 saxo
1006 3646 1196 3736 struuntur,
1223 3650 1245 3718 fi
1263 3644 1359 3741 judi·

388 3777 417 3837 ‚t‘
436 3766 530 3843 cium
547 3763 756 3860 posterorum
773 3764 809 3837 in
827 3764 950 3843 odium
967 3764 1085 3856 vertit,
1096 3792 1160 3863 pro
1175 3765 1360 3862 sepulchris
1612 3844 1613 3847 ,

285 3918 289 3926 .
388 3895 415 3974 p
432 3885 647 3987 spernuntur·
695 3884 846 3967 Proinde
871 3884 992 3975 socios,
1020 3883 1127 3977 cives,
1153 3885 1288 3974 &deos
1305 3884 1359 4001 ip2
